2872 5062
157 341 226 412 382
350 364 411 418 un.
434 363 457 413 1.
479 363 566 413 srcr.
587 363 718 412 sarrai.
741 363 780 412 nr
799 362 933 414 varus.
953 327 1062 413 crvier.
1151 363 1153 366 ·

157 479 267 578 deque
291 494 514 568 verterentur,
540 506 616 552 cum
640 480 696 554 vix
722 479 869 577 coniugii
888 505 1009 553 nomen
1027 505 1067 553 ac
1084 479 1191 553 lorma
1207 506 1268 553 su-

157 610 324 693 peresset3
345 621 422 669 cum
440 595 618 669 divortium
632 611 723 668 esset
735 596 921 682 sancitum;
942 622 982 668 ea
999 595 1129 669 scilicet
1145 609 1265 682 aetate,

157 736 238 808 qua,
268 711 439 810 impietate
464 711 562 810 longe
587 711 720 810 lateque
744 727 939 809 grassante,
962 710 1129 811 quidquid
1156 711 1270 785 contra

158 827 354 926 religionem
380 855 420 902 ac
444 828 551 902 bonos
577 855 687 903 mores
713 829 748 900 in
774 844 918 901 mentem
944 829 1116 914 veniebat,
1146 843 1270 902 statue·

156 942 255 1016 batur
270 946 360 1040 (ts).
377 946 561 1042 Progressa
588 944 725 1044 quidem
748 944 909 1042 temporis
928 943 993 1017 sub
1015 943 1214 1030 consulatu,
1234 968 1272 1016 ac

157 1077 276 1158 postea
297 1061 361 1132 sub
381 1061 522 1160 imperio
548 1060 670 1158 gallico
694 1060 792 1159 plura
808 1086 848 1132 ex
867 1059 931 1146 iis,
954 1086 1041 1158 quae
1058 1059 1194 1132 lucrant
1210 1059 1271 1131 im·

157 1174 214 1272 pie
231 1177 430 1262 constituta,
452 1177 630 1250 reformata
650 1192 745 1261 sunt,
766 1176 947 1275 pluresque
963 1174 1055 1272 leges
1073 1174 1266 1272 abrogatae.

158 1291 313 1390 Spectata
329 1309 441 1364 tamen
458 1319 498 1364 ea
516 1292 703 1365 animorum
721 1290 963 1391 dispositione,
990 1289 1139 1363 nondum
1167 1288 1273 1389 potuit

158 1405 224 1492 lex,
245 1407 287 1481 de
304 1434 373 1506 qua
389 1407 535 1504 agimus,
557 1408 703 1507 expungi
728 1407 772 1479 ab
798 1406 855 1480 illo
880 1405 1014 1492 codice,
1038 1406 1073 1477 in
1099 1431 1168 1505 quo
1193 1405 1270 1476 dum

159 1521 380 1620 permanebit,
393 1549 459 1595 non
474 1522 536 1594 erit
549 1523 623 1595 sine
635 1522 774 1594 minimo
787 1522 938 1594 eiusdem
951 1521 1060 1618 gentis
1073 1519 1266 1593 infortunio.

232 1638 281 1709 Ex
302 1637 410 1710 Gallia
436 1637 470 1709 in
488 1637 656 1735 Belgium,
685 1636 776 1737 quod
803 1637 866 1710 sub
892 1636 1018 1709 ditione
1044 1635 1169 1733 gallica
1194 1650 1270 1707 tuuc

158 1753 309 1839 vivebat,
337 1754 455 1826 eadem
480 1752 533 1825 lex
558 1779 635 1825 cum
661 1752 776 1825 codice
801 1751 1014 1853 pertransiit,
1036 1767 1069 1824 et
1085 1751 1129 1824 ob
1155 1751 1270 1823 eadem

160 1868 294 1954 motiva,
316 1867 471 1966 abrogari
499 1894 565 1941 non
592 1868 720 1966 potuit;
742 1884 834 1941 tanto
852 1868 960 1964 magis
985 1866 1075 1966 quod
1102 1866 1169 1940 sub
1194 1865 1272 1940 hsc-

160 1982 263 2057 retico
276 1982 440 2081 gubernio
458 2009 596 2081 regnum
615 1981 698 2055 illud
717 2009 849 2081 gemere
866 1982 1030 2055 debuerit.
1044 1983 1167 2054 Postea
1178 2005 1266 2066 vero,

160 2099 224 2172 etsi
256 2099 483 2173 autonomiam
499 2099 576 2172 sibi
603 2098 853 2184 vindicaverit,
886 2113 996 2170 tamen
1029 2094 1272 2169 alternantibus

160 2214 391 2288 ministrorum
412 2215 623 2316 politicorum
644 2214 904 2300 mutationibus,
929 2239 1072 2313 quorum
1091 2239 1160 2285 non
1178 2212 1272 2311 pauci

162 2329 338 2429 principiis
366 2357 433 2404 non
454 2331 539 2404 adeo
560 2329 728 2427 religiosis
750 2328 870 2400 imbuti
897 2343 1009 2414 erant,
1037 2327 1125 2399 nihil
1151 2327 1271 2399 bacin

161 2470 197 2516 re
214 2444 365 2518 innovari
383 2446 509 2544 potuit,
531 2445 633 2518 immo
650 2459 683 2517 et
701 2444 735 2516 in
754 2442 899 2516 comitiis
924 2443 967 2516 ob
992 2441 1084 2517 leves
1101 2441 1272 2541 falsasque

161 2583 283 2632 causas
309 2575 447 2660 accepta
472 2577 523 2633 est
548 2562 637 2655 (59).

235 2818 285 2879 (te)
299 2817 338 2867 cr.
348 2820 448 2882 sarrmt,
460 2820 504 2882 qui
514 2832 555 2883 op.
566 2819 609 2870 cit.
622 2833 677 2884 pag.
689 2826 724 2871 17.
734 2820 909 2871 animadvertit
922 2818 1102 2883 legendaque
1114 2816 1242 2882 loquimur
1252 2819 1274 2867 in

161 2898 240 2949 Gallis
250 2899 357 2962 primum
368 2899 516 2950 obtinuisse:
535 2900 574 2950 sit
585 2901 649 2951 m’eu
661 2903 734 2951 ceute
744 2902 774 2951 de
785 2902 809 2951 ie
820 2900 887 2963 dire,
901 2900 961 2950 c'est
976 2900 1001 2949 ia
1016 2897 1049 2949 ioi
1063 2898 1199 2962 iraucaise,
1211 2898 1236 2948 ia
1246 2899 1275 2949 loi

160 2978 195 3028 da
212 2979 300 3044 peuple
316 2980 339 3030 ie
354 2982 409 3044 pius
423 2981 556 3043 justement
573 2981 617 3029 tier
633 2980 665 3031 de
680 2993 707 3030 sa
723 2980 872 3031 civilisation
891 2979 1008 3041 delicate,
1023 2979 1046 3028 la
1056 2979 1089 3028 loi
1103 2979 1139 3028 du
1149 2991 1210 3042 pays
1220 2978 1274 3028 tres·

163 3058 287 3123 chretien,
302 3059 346 3122 qui
361 3059 544 3110 meconnsities
553 3059 683 3110 traditione
692 3059 726 3110 do
737 3060 804 3111 droit
815 3060 858 3110 des
867 3072 938 3122 gens,
949 3059 1052 3122 adoptee
1063 3059 1196 3122 niemeper
1206 3059 1229 3108 ie
1238 3070 1274 3120 ps·

161 3138 285 3204 ganisme,
298 3143 323 3190 et
336 3140 443 3192 rebaisse
453 3141 477 3190 ie
486 3141 594 3203 mariage
604 3154 634 3191 su
648 3142 736 3190 uiveau
747 3140 790 3191 des
800 3141 856 3203 pius
866 3139 988 3204 vulgaires
998 3140 1136 3202 contracte,
1148 3151 1198 3202 que
1208 3139 1231 3188 ie
1240 3151 1275 3188 ca·

162 3221 230 3284 price
241 3222 391 3286 improvise,
402 3225 427 3271 et
438 3236 485 3285 que
495 3221 673 3274 l'inconstance
682 3221 783 3271 detrivit.
792 3221 941 3282 L'irommey
950 3219 1013 3269 tient
1021 3218 1045 3268 la
1054 3219 1126 3283 piace
1135 3218 1167 3269 de
1176 3218 1248 3280 Dieu,
1257 3219 1278 3267 et

161 3301 185 3350 la
203 3301 270 3351 table
288 3300 322 3351 du
344 3302 472 3365 nvagistrat
492 3301 614 3365 remplace
625 3302 706 3351 l’autei
721 3301 754 3350 du
765 3302 854 3364 preire.
863 3303 916 3357 Qua
926 3299 1058 3362 dis-ieiLa
1066 3298 1100 3349 loi
1111 3299 1157 3362 qui
1169 3299 1250 3350 reduit
1258 3297 1277 3348 le

162 3380 270 3444 mariage
281 3381 338 3433 aaa
351 3385 462 3433 contract
472 3384 546 3444 civit,
558 3383 634 3433 eliaca
647 3382 721 3442 Dies,
733 3385 758 3432 et
771 3380 866 3432 sacrific
879 3382 915 3431 ies
929 3380 1092 3431 consciences.
1104 3383 1183 3444 Apris
1192 3380 1228 3431 ies
1239 3391 1276 3443 pt·

162 3462 227 3512 roies
248 3462 280 3512 de
297 3463 411 3513 i’oiticier
428 3464 460 3512 de
476 3463 627 3525 Petet-civil,
640 3464 663 3513 ie
673 3462 781 3524 mariage
789 3463 826 3512 est
833 3464 890 3511 tenu
902 3474 965 3525 pour
973 3460 1099 3521 consecra,
1109 3461 1167 3511 etsi
1179 3461 1277 3524 iaieune

159 3543 185 3591 et
199 3541 286 3592 timide
296 3543 379 3606 vierge
389 3543 471 3593 abead
484 3557 531 3594 unc
542 3546 612 3593 autre
623 3541 736 3592 sanction
751 3555 814 3605 pour
823 3543 863 3591 cet
873 3539 1023 3590 irrevocabie
1033 3541 1200 3603 changement
1215 3540 1277 3590 dese

161 3623 286 3685 destinee,
298 3624 319 3673 si
332 3625 391 3674 e’est
402 3637 434 3673 au
444 3624 490 3674 ciel
501 3625 593 3687 meme,
604 3622 694 3688 qu'eiie
704 3622 824 3672 demanda
836 3622 860 3671 ie
870 3622 947 3685 signat
958 3620 989 3670 de
997 3621 1022 3670 la
1030 3621 1236 3672 transformation
1251 3620 1278 3670 de

161 3716 200 3754 ses
211 3702 309 3754 devoirs
319 3707 345 3753 et
354 3704 378 3754 ia
389 3705 559 3755 consecration
571 3703 602 3754 de
612 3703 729 3764 i’avenir,
741 3717 774 3753 on
786 3715 877 3766 pourre
895 3714 922 3752 se
937 3701 985 3751 rire
1003 3701 1175 3765 imponement
1192 3701 1224 3753 de
1242 3712 1276 3753 stt

160 3785 328 3847 scrupulas,et
338 3784 430 3835 reiuser
439 3785 454 3834 a
463 3799 491 3834 sa
501 3784 611 3848 pudique
622 3783 688 3848 pieta
697 3783 721 3833 le
729 3796 801 3833 sceau
812 3783 843 3831 de
851 3783 874 3831 la
884 3780 1182 3845 benedictioupromise.»

239 3867 326 3915 Postea
333 3879 387 3928 pag.
395 3864 532 3928 27.detegit
541 3865 669 3929 epocham,
680 3863 763 3926 inqua
773 3862 812 3912 lex
823 3861 854 3912 de
863 3860 978 3924 coniugio
987 3860 1056 3911 civili
1067 3860 1186 3926 adoptata
1193 3860 1279 3912 initiis

162 3945 259 3997 verbis:
270 3965 283 3990 ι
291 3948 353 3997 sans
363 3946 441 3997 doute
450 3947 474 3997 ie
484 3945 546 3996 code
554 3946 627 4007 civil,
638 3943 783 4009 promulgat
791 3942 806 3992 t
813 3955 962 4006 uneepoque
971 3942 1003 3993 de
1011 3943 1159 4006 transitiou,
1172 3943 1197 3993 le
1207 3941 1280 3993 lende

164 4027 273 4077 meirade
285 4027 447 4078 inconfusion
462 4025 685 4088 revolutionnaire,
703 4025 734 4075 ou
751 4027 806 4074 tout
823 4026 891 4075 avait
906 4021 972 4087 peri,
988 4024 1011 4073 ie
1023 4023 1128 4086 throne,
1144 4021 1280 4084 Pautel,et

164 4108 200 4158 ies
211 4122 315 4172 moeurs,
329 4110 370 4159 n'a
384 4109 410 4159 ni
424 4108 475 4169 ose,
488 4108 513 4157 ui
523 4121 555 4171 pu
568 4107 688 4170 professor
697 4119 758 4156 avec
768 4119 817 4157 une
826 4105 919 4156 sincere
930 4107 954 4156 et
963 4117 1113 4168 courageuse
1124 4103 1279 4168 energietoas

162 4187 198 4237 ies
209 4189 310 4252 dogmas
323 4187 532 4251 regenerateurs.»

238 4269 288 4332 (59)
306 4272 373 4319 ilaec
390 4269 430 4319 lex
446 4268 494 4318 init
513 4266 629 4329 adoptata
644 4267 670 4316 in
687 4267 770 4330 Belgio
783 4279 866 4316 mense
881 4265 971 4316 Martio
982 4277 1022 4315 an.
1038 4270 1107 4315 1815.
1119 4263 1234 4328 gratuitis
1242 4260 1278 4310 his

164 4348 290 4413 principiis
303 4349 388 4399 innixa
399 4370 404 4398 ι
417 4370 430 4393 «ι
439 4348 614 4409 considerant,
625 4361 673 4411 que
683 4347 706 4397 ie
718 4347 825 4408 mariage
840 4359 936 4396 mmme
951 4347 1062 4395 contract
1073 4344 1133 4394 civit
1149 4343 1212 4394 a’sst
1227 4353 1277 4390 soo-
