2872 5062
353 391 422 444 cae.
438 393 482 442 vr.
495 393 540 441 uu.
554 393 654 443 inser.
677 392 788 444 curra.
801 395 852 444 ur
870 393 956 444 sica.
981 395 1049 444 aar.
1068 398 1090 444 1.
1206 367 1271 444 tat

155 518 239 600 ret,
254 528 424 610 tamquam
442 511 530 584 duas
546 512 599 586 res
616 529 717 612 atque
738 514 824 585 duas
843 512 1012 600 entitates,
1031 515 1276 588 solemnitatem

157 629 431 713 emmeramum,
449 652 525 699 cum
539 626 733 701 solemnitas
747 628 805 700 illa
818 628 878 714 sit,
896 655 955 726 per
967 655 1067 727 quam
1077 644 1276 701 contractus

158 742 274 816 existit
294 767 338 814 ao
360 740 507 814 valorem
530 741 666 815 obtinet.
689 743 727 814 ld
753 768 850 842 porro
875 759 943 828 est,
967 744 1057 841 quod
1075 743 1109 814 in
1128 743 1277 817 fidelium

164 856 320 954 coniugio
344 856 538 954 contingit,¹
558 858 725 956 siquidem
750 873 887 930 mutuus
913 883 1116 944 consensus,
1146 859 1205 957 qui
1227 859 1279 930 in-

164 971 318 1044 teriorem
336 971 540 1044 voluntatem
558 973 735 1071 patefacit,
752 971 808 1043 ille
826 989 878 1045 est
895 971 1070 1072 perquem
1089 990 1278 1047 contractus

159 1102 204 1159 et.
219 1087 653 1185 'sacramentumfeuurgit,
683 1114 742 1161 seu
768 1103 821 1159 est
844 1102 1057 1174 contractuS,
1087 1089 1145 1188 qui
1171 1088 1279 1160 induit

159 1203 359 1302 qualitatem
379 1205 577 1276 sacramenti
591 1230 630 1276 ex
640 1202 768 1276 'christi
785 1202 967 1289 voluntate,
984 1204 1043 1303 qui
1057 1221 1276 1291 contractum,

164 1321 247 1404 vlunt
262 1321 322 1408 fit,
343 1347 404 1393 seu
425 1321 461 1392 in
486 1336 562 1394 actu
583 1320 662 1420 ipso
684 1347 751 1421 quo
778 1321 832 1407 lit,
862 1321 1049 1394 sanctificat
1072 1322 1177 1418 gratia
1202 1348 1275 1394 sua.

162 1483 166 1489 -
235 1435 313 1508 Alia
335 1436 434 1535 plum
450 1437 598 1536 possem
624 1437 788 1510 eiusmodi
815 1435 1011 1533 argumenta
1036 1463 1165 1532 urgere,
1193 1464 1281 1536 quae

161 1552 204 1624 in'
215 1552 316 1625 idem?
326 1552 479 1625 recidunt
495 1554 559 1648 (b).
573 1555 621 1625 Ne
639 1550 749 1625 tamen
767 1553 895 1624 diutius
914 1579 982 1624 rem
1002 1552 1211 1651 protraham,
1228 1579 1281 1624 me

162 1682 260 1741 verto.
278 1666 323 1740 ad
345 1665 434 1740 alias
458 1664 649 1768 propositas
675 1668 890 1766 probationes
916 1667 1154 1741 enucleandas.
1211 1716 1214 1721 ,

233 1783 393 1856 Secundo
419 1784 520 1880 igitur
546 1782 633 1856 banc
652 1785 686 1855 in
705 1785 905 1864 sententiam
930 1780 1122 1857 universam
1147 1785 1283 1882 conspi-

165 1922 237 1970 rare
261 1897 496 1997 antiquitatem
519 1898 610 1970 baud
628 1896 767 1970 dilficile
784 1898 960 1970 evincitur.
977 1899 1107 1970 Etenim
1129 1898 1282 1997 explora-

166 2012 250 2084 t'um'
267 2014 454 2110 estpatres
477 2028 607 2085 veteres
633 2012 882 2085 distinctionem
908 2013 1005 2084 inter⁴
1018 2028 1225 2085 contractum
1250 2027 1283 2084 et

167 2140 411 2198 sacramentum
441 2125 475 2197 in
506 2125 671 2222 coniugiis
703 2125 896 2198 christianis
922 2125 1056 2224 penitus
1081 2127 1279 2222 ignorasse,

167 2267 226 2339 nec
250 2240 354 2313 unius
379 2240 516 2339 quidem
542 2240 889 2340 testimoniumque
914 2266 989 2312 eam
1013 2241 1066 2312 vel
1092 2240 1208 2312 leviter
1232 2241 1283 2311 in-

168 2356 332 2429 sinuasse
345 2355 520 2442 videatur,
545 2355 668 2428 adduci
685 2383 725 2428 ex
743 2355 785 2426 iis
804 2382 917 2454 posse.
938 2356 1098 2441 Quamvis
1115 2353 1195 2429 vero
1216 2357 1281 2430 hoc

167 2498 235 2545 non
257 2471 303 2544 sit
322 2470 395 2557 uisi
413 2474 653 2568 argumentum
679 2472 891 2569 negativum,
921 2469 1068 2545 attamen
1094 2498 1171 2546 curn
1197 2472 1283 2544 nihil

170 2585 306 2684 positivi
321 2585 364 2657 ei
389 2586 603 2673 adversetur,
619 2587 746 2684 magni
773 2587 920 2685 prolecto
945 2587 1105 2686 ponderis
1128 2602 1180 2660 est
1205 2613 1283 2660 cen-

170 2701 324 2775 sendum.
374 2736 377 2740 ⁴
441 2704 446 2712 ⁴
1154 2701 1158 2707 ’
1214 2698 1218 2706 ’

173 2853 202 2869 --
242 2816 505 2916 Nequedesunt
529 2834 743 2915 argumenta,
769 2845 876 2917 eaque
899 2818 1110 2892 validissima
1134 2845 1174 2890 ex
1198 2833 1284 2892 vete

171 2927 267 3002 ribus
291 2930 408 3019 dueta,
421 2959 519 3032 quae
535 2934 684 3005 nostram
705 2932 882 3006 adstruant
898 2932 1094 3005 doctrinam.
1111 2931 1283 3030 Siquidem

171 3044 259 3119 hano
271 3044 469 3129 ,doctrinam
493 3047 636 3120 adstruit
657 3073 772 3120 eorum
791 3046 954 3120 sentiendi
973 3063 1073 3145 atquc
1091 3045 1212 3142 agendi
1231 3070 1285 3117 ra-

169 3159 234 3248 tio,
251 3167 420 3260 ¹respectu
443 3160 577 3234 illorum
601 3162 855 3258 coniugiorum,
883 3188 971 3261 quae
997 3159 1112 3234 fideles
1137 3161 1224 3234 inter
1248 3186 1285 3233 se

125 3295 127 3300 '
169 3274 313 3364 occulte,
336 3302 376 3349 ac
401 3277 509 3350 inscia
533 3277 676 3351 ecclesia
699 3277 923 3350 celebrabant.
942 3277 1033 3349 llaec
1054 3278 1286 3376 quippe'con-

169 3389 450 3491 iugi'affquamvis‘
464 3395 629 3492 perpetuo
639 3396 641 3400 ⁴
653 3392 807 3466 maiores
818 3392 972 3465 insectati
990 3393 1114 3465 sintae
1130 3392 1285 3465 detestati

171 3513 342 3605 tamquam
371 3505 509 3596 illicita,
546 3508 654 3581 nihilo
684 3506 966 3594 tancradus,
1004 3507 1286 3607 quemadmodum

170 3621 396 3709 ostendimus,
407 3628 453 3696 'ea
464 3624 607 3696 utizvera
618 3649 657 3695 ac
672 3638 745 3696 rata
761 3622 969 3718 babuemnt,
987 3625 1033 3696 ita
1051 3640 1087 3695 ut
1104 3619 1286 3722 numquam

172 3735 349 3811 tribuerint
369 3737 526 3836 itaintcr
551 3765 589 3812 se
613 3739 778 3836 copulatis
804 3739 890 3812 nova
914 3739 1000 3811 inire
1025 3738 1200 3834 coniugia,
1217 3753 1288 3847 qut

171 3850 326 3935 eoe·.·.ad:‚
342 3851 587 3952 separationem
612 3851 852 3950 compulerint.
882 3853 932 3924 Ex
957 3852 1062 3925 altera
1085 3876 1164 3926 vero
1193 3863 1287 3947 parte

171 3974 304 4044 cenent
321 3980 458 4040 ,veteres
475 3974 542 4039 non
560 3965 651 4038 aliud
670 3966 849 4062 agnovisse
870 3966 1134 4050 matrimonium,
1156 3978 1287 4061 praeter

196 4232 199 4237 Ι
243 4170 279 4234 (a)
295 4170 335 4221 ct’.
347 4171 415 4222 eard.
427 4152 547 4223 Gcrdilin
559 4171 654 4237 egregio
669 4145 788 4224 Trattato
800 4172 844 4224 det
854 4175 1030 4237 matrimonio.
1044 4173 1162 4222 Dtscorso
1169 4169 1286 4234 pretioti-

172 4256 237 4300 πονο
246 4248 273 4300 tn
284 4264 336 4315 quo
351 4251 414 4303 hanc
431 4251 509 4317 ipsam
524 4252 662 4304 doctrinam
680 4251 782 4305 mtrttice
793 4266 821 4303 ae
832 4253 885 4304 tuse
896 4252 996 4321 evolvit.
1008 4255 1071 4316 Opp.
1081 4251 1119 4302 ed.
1132 4253 1285 4302 Romtsoo.

177 4320 350 4391 unssav..
444 4370 462 4389 ,.
511 4380 514 4387 .
558 4352 562 4363 ⁴
618 4380 622 4387 .
