2872 5062
333 408 402 457 err.
418 406 442 456 r.
458 408 497 456 nn
511 406 645 457 atrurn.
667 404 779 456 crvurs
796 406 932 457 urruns.
950 406 1022 456 nnn.
1044 407 1088 455 rv.
1205 375 1273 457 238

160 522 205 596 ad
230 522 320 596 idem
346 520 603 622 praestandum·
617 521 666 597 Eo
693 522 743 597 vel
770 524 898 620 magis,
926 517 1018 622 quod
1044 520 1141 595 civile
1160 537 1274 596 aucto·

164 639 246 712 ritas
270 637 436 712 eiusmodi
461 639 713 713 coniunctiones
738 639 837 713 tacite
864 639 982 712 saltem
1009 654 1203 736 promoveat
1233 639 1276 710 ad

162 754 364 852 abigendam
379 780 399 826 a
413 754 548 853 politico
562 756 742 853 regimine,
755 757 845 855 qnod
859 755 964 853 legem
979 755 1166 840 constituit,
1183 755 1276 851 igno

163 868 322 956 minium,
351 894 438 966 quae
463 869 494 942 ei
520 869 707 956 obveniret,
736 870 765 942 si
791 870 874 942 nulli
900 886 958 942 aut
983 868 1048 942 rari
1074 869 1210 942 omnino
1236 890 1275 942 eo

158 999 335 1057 uterentur
366 981 554 1081 privilegio.
583 984 737 1084 lnspecta
767 999 877 1056 autern
908 984 1066 1056 universa
1100 983 1275 1055 hominum

163 1099 198 1170 in
215 1098 298 1172 vitia
315 1098 560 1197 propensione,
581 1099 727 1198 quisque
744 1099 837 1172 nullo
855 1100 988 1196 negotio
1007 1097 1169 1196 intelliget
1186 1099 1276 1171 eius-

161 1214 254 1287 modi
279 1214 440 1286 scendala
465 1214 587 1286 mirum
613 1215 648 1286 in
666 1214 802 1288 modum
821 1215 1012 1314 propagari.
1031 1214 1127 1300 Quod
1147 1214 1272 1300 sidat,

163 1327 311 1428 prolecto
328 1352 430 1424 grave
444 1327 567 1401 vulnus
586 1328 740 1428 publicae
757 1328 924 1402 honestati
939 1327 1118 1425 infligitur,
1136 1355 1202 1427 quo
1218 1328 1274 1400 vix

162 1442 255 1516 aliud
280 1443 418 1540 gravius
444 1440 623 1540 excogitari
649 1458 770 1545 potest.

235 1557 301 1630 Sed
326 1573 359 1631 et
383 1557 467 1631 illud
486 1586 551 1632 non
570 1560 683 1633 minus
701 1560 834 1633 exitiale
853 1559 977 1633 malum
996 1575 1053 1632 aut
1076 1559 1271 1644 comitatur,

161 1688 220 1746 aut
244 1674 460 1772 consequitur
485 1675 649 1749 eiusmodi
669 1676 838 1749 connubia
856 1675 968 1749 civilia
986 1675 1021 1747 in
1039 1674 1274 1747 detrimentum

162 1785 318 1887 publicae
341 1787 544 1874 honestatis,
572 1788 663 1890 quod
688 1789 842 1889 provenit
866 1815 907 1862 ex
933 1788 1155 1862 inconstantia
1173 1787 1275 1861 insita

162 1901 258 1976 bisce
275 1903 451 2000 coniugiis.
469 1903 618 1992 Scilicet,
639 1905 688 1978 uti
707 1905 914 2004 experientia
931 1904 1129 2003 quotidiana
1147 1903 1274 2003 patela-

161 2015 226 2105 eit,
247 2017 445 2118 plerumque
461 2018 518 2106 fit,
539 2034 576 2091 ut
592 2019 626 2091 in
646 2019 737 2103 illis,
758 2018 816 2118 qui
836 2035 915 2092 sunt
928 2020 974 2091 ita
986 2019 1177 2104 coniuncti,
1197 2033 1276 2117 post

159 2130 309 2231 aliquem
328 2133 486 2232 temporis
511 2128 651 2206 tractum
676 2133 756 2232 plus
781 2135 936 2208 minusve
952 2133 1146 2205 diuturnum
1170 2132 1276 2204 deser·

160 2262 277 2320 rescat
301 2247 440 2321 insanus
465 2248 605 2322 effeetus
622 2249 700 2335 ille,
722 2276 789 2349 quo
807 2249 901 2350 prius
920 2248 1117 2322 seinvicem
1138 2246 1274 2319 deama-

159 2360 260 2448 bant,
290 2361 417 2462 quique
433 2388 491 2436 eos
508 2361 668 2464 compulit
685 2364 720 2435 in
739 2362 912 2460 religionis
931 2377 1177 2461 contemptum,
1199 2387 1274 2434 con·

160 2478 304 2552 scientia
329 2479 547 2568 reclamante,
577 2480 619 2553 ed
645 2480 728 2554 tales
747 2480 912 2552 ineundas
931 2479 1079 2578 nuptiae.
1097 2479 1274 2550 Nemeum

159 2592 358 2693 cupiditatis
380 2594 565 2693 explendae
590 2620 694 2669 causa
719 2596 866 2695 quodam
890 2594 993 2668 veluti
1012 2595 1123 2667 lurore
1144 2592 1272 2692 abrepti

158 2707 285 2779 fuerint
300 2707 344 2781 ad
362 2707 426 2782 boc
444 2709 574 2783 lacinus
592 2711 874 2809 perpetrandum,
896 2736 999 2810 quum
1017 2708 1111 2783 illem
1129 2707 1275 2808 primum

155 2820 384 2921 expleverint,
412 2825 504 2898 furor
528 2824 585 2898 ille
610 2851 649 2898 ae
666 2842 780 2900 aestus
800 2853 867 2899 non
885 2825 984 2898 modo
1004 2824 1207 2924 pedetentim
1226 2840 1274 2896 te—

159 2936 273 3035 pescit
293 2964 334 3011 ac
357 2940 544 3028 evanescit,
574 2941 632 3014 sed
658 2956 830 3040 praeterea
861 2968 927 3014 non
962 2967 1038 3013 raro
1063 2940 1093 3012 ei
1125 2937 1275 3012 succedit

155 3052 264 3124 animi
289 3068 519 3154 contemptus,
552 3055 641 3127 mala
673 3056 942 3156 poenitentiaea
975 3055 1111 3127 tacitum
1139 3051 1274 3125 deside·

158 3166 246 3240 mum
274 3193 295 3240 a
319 3195 406 3242 nexu
431 3169 488 3242 illo
513 3196 551 3243 se
575 3169 754 3243 liberandi.
773 3171 869 3256 Quod
895 3169 1030 3269 quidem
1057 3167 1161 3242 multo
1192 3167 1274 3240 laci·

157 3281 224 3356 lius
249 3282 439 3379 continget,
460 3284 489 3357 si
508 3285 604 3358 novis
622 3286 797 3386 capiantur
821 3285 1008 3371 illecebris;
1038 3283 1068 3356 si
1093 3283 1275 3357 criminosa

156 3396 308 3469 amicitia
326 3397 535 3486 irretiantur;
557 3400 586 3471 si
605 3400 799 3500 temporalis
816 3399 901 3472 lucri
921 3399 1053 3498 negotio
1072 3399 1270 3473 invitentur:

157 3509 187 3598 si
214 3509 362 3584 dissidia
386 3538 426 3585 ac
450 3511 636 3587 simultates
664 3514 749 3587 inter
765 3521 824 3587 eos'
841 3514 1007 3602 oriantur,
1028 3531 1164 3614 propter
1187 3539 1274 3612 quas

157 3624 299 3724 pacifice
324 3626 470 3725 amplius
497 3627 639 3700 invicem
664 3622 887 3702 consuescere
901 3645 1089 3729 nequeant3
1111 3630 1139 3701 si
1158 3629 1274 3702 morbo

156 3739 318 3814 diuturno
343 3757 445 3841 atque
470 3742 635 3817 habituali
654 3742 811 3817 alteruter
829 3744 976 3839 laberet;
1000 3771 1088 3845 quae
1104 3746 1192 3818 duae
1214 3770 1274 3843 po

156 3863 316 3936 statiores
341 3888 484 3951 causae,
513 3866 562 3938 uti
588 3866 689 3965 paulo
716 3883 793 3940 ante
817 3868 984 3956 vidimus,
1007 3867 1173 3967 passima
1196 3891 1273 3964 pro-

157 3978 360 4052 testantibus
386 3979 487 4053 veluti
513 4007 616 4054 causa
642 3981 815 4056 sufficiens
841 4000 1058 4058 recensentur
1075 3981 1208 4055 divortii
1228 3981 1274 4051 l-

156 4091 282 4164 ciendi.

228 4207 331 4297 Sane,
343 4207 497 4282 videmus
506 4207 560 4283 vel
569 4209 654 4284 inter
664 4209 753 4296 illos,
766 4211 825 4310 qui
840 4210 986 4308 legitime
996 4208 1163 4284 coniuncti
1175 4225 1270 4293 sunt,

155 4346 259 4420 saepe
283 4323 478 4419 contingere
494 4340 531 4396 ut
548 4325 732 4422 pessimum
750 4325 935 4399 sortiantur
955 4326 1079 4400 exitum
1107 4324 1275 4398 connubia
