<?xml version="1.0" encoding="UTF-8"?>
<!DOCTYPE html PUBLIC "-//W3C//DTD XHTML 1.0 Transitional//EN"
    "http://www.w3.org/TR/xhtml1/DTD/xhtml1-transitional.dtd">
<html xmlns="http://www.w3.org/1999/xhtml" xml:lang="en" lang="en">
 <head>
  <title>
</title>
<meta http-equiv="Content-Type" content="text/html;charset=utf-8" />
  <meta name='ocr-system' content='tesseract 3.04.00' />
  <meta name='ocr-capabilities' content='ocr_page ocr_carea ocr_par ocr_line ocrx_word'/>
</head>
<body>
  <div class='ocr_page' id='page_1' title='image "./dematrimoniochr00perrgoog_0028.png"; bbox 0 0 2872 5062; ppageno 0'>
   <div class='ocr_carea' id='block_1_1' title="bbox 115 362 1244 2439">
    <p class='ocr_par' dir='ltr' id='par_1_1' title="bbox 116 362 1237 711">
     <span class='ocr_line' id='line_1_1' title="bbox 216 362 1235 431; baseline 0.004 -7"><span class='ocrx_word' id='word_1_1' title='bbox 216 376 284 424; x_wconf 80' lang='lat' dir='ltr'><strong>cir.</strong></span> <span class='ocrx_word' id='word_1_2' title='bbox 304 376 326 423; x_wconf 92' lang='lat'><strong>1.</strong></span> <span class='ocrx_word' id='word_1_3' title='bbox 348 374 418 425; x_wconf 72' lang='lat' dir='ltr'><strong>cnr.</strong></span> <span class='ocrx_word' id='word_1_4' title='bbox 436 377 458 425; x_wconf 92' lang='lat'><strong>1.</strong></span> <span class='ocrx_word' id='word_1_5' title='bbox 476 372 514 425; x_wconf 84' lang='lat' dir='ltr'><strong>or</strong></span> <span class='ocrx_word' id='word_1_6' title='bbox 532 376 685 426; x_wconf 83' lang='lat' dir='ltr'><strong>vrnrrmr</strong></span> <span class='ocrx_word' id='word_1_7' title='bbox 706 377 837 427; x_wconf 76' lang='lat' dir='ltr'><strong>sionis.</strong></span> <span class='ocrx_word' id='word_1_8' title='bbox 858 379 897 428; x_wconf 85' lang='lat' dir='ltr'><strong>ex</strong></span> <span class='ocrx_word' id='word_1_9' title='bbox 918 379 1007 430; x_wconf 80' lang='lat' dir='ltr'><strong>recu.</strong></span> <span class='ocrx_word' id='word_1_10' title='bbox 1025 380 1135 431; x_wconf 83' lang='lat' dir='ltr'><strong>noem.</strong></span> <span class='ocrx_word' id='word_1_11' title='bbox 1215 362 1235 428; x_wconf 76' lang='lat' dir='ltr'><strong>b</strong></span> 
     </span>
     <span class='ocr_line' id='line_1_2' title="bbox 116 492 1237 593; baseline 0.008 -28"><span class='ocrx_word' id='word_1_12' title='bbox 116 493 201 566; x_wconf 86' lang='lat' dir='ltr'><strong>dere</strong></span> <span class='ocrx_word' id='word_1_13' title='bbox 221 492 359 566; x_wconf 88' lang='lat' dir='ltr'><strong>ibidem&#39;</strong></span> <span class='ocrx_word' id='word_1_14' title='bbox 374 494 439 590; x_wconf 23' lang='lat' dir='ltr'><strong>egi,</strong></span> <span class='ocrx_word' id='word_1_15' title='bbox 453 493 496 565; x_wconf 91' lang='lat' dir='ltr'><strong>de</strong></span> <span class='ocrx_word' id='word_1_16' title='bbox 521 495 733 568; x_wconf 86' lang='lat' dir='ltr'><strong>matrimonio</strong></span> <span class='ocrx_word' id='word_1_17' title='bbox 759 497 873 593; x_wconf 77' lang='lat' dir='ltr'><strong>gretie</strong></span> <span class='ocrx_word' id='word_1_18' title='bbox 891 497 1006 572; x_wconf 80' lang='lat' dir='ltr'><strong>divine</strong></span> <span class='ocrx_word' id='word_1_19' title='bbox 1018 499 1144 588; x_wconf 79' lang='lat' dir='ltr'><strong>sueto,</strong></span> <span class='ocrx_word' id='word_1_20' title='bbox 1160 502 1237 574; x_wconf 74' lang='lat' dir='ltr'><strong>{scu</strong></span> 
     </span>
     <span class='ocr_line' id='line_1_3' title="bbox 117 607 1233 711; baseline 0.007 -32"><span class='ocrx_word' id='word_1_21' title='bbox 117 608 159 680; x_wconf 89' lang='lat' dir='ltr'><strong>de</strong></span> <span class='ocrx_word' id='word_1_22' title='bbox 172 607 383 706; x_wconf 77' lang='lat' dir='ltr'><strong>novaelegis</strong></span> <span class='ocrx_word' id='word_1_23' title='bbox 401 612 630 696; x_wconf 81' lang='lat' dir='ltr'><strong>sacramento,</strong></span> <span class='ocrx_word' id='word_1_24' title='bbox 652 635 750 683; x_wconf 89' lang='lat' dir='ltr'><strong>nemo</strong></span> <span class='ocrx_word' id='word_1_25' title='bbox 767 609 833 683; x_wconf 91' lang='lat' dir='ltr'><strong>nisi</strong></span> <span class='ocrx_word' id='word_1_26' title='bbox 852 613 1034 711; x_wconf 84' lang='lat' dir='ltr'><strong>scepticus.</strong></span> <span class='ocrx_word' id='word_1_27' title='bbox 1047 639 1114 688; x_wconf 92' lang='lat' dir='ltr'><strong>non</strong></span> <span class='ocrx_word' id='word_1_28' title='bbox 1131 614 1233 690; x_wconf 80' lang='lat' dir='ltr'><strong>videt.</strong></span> 
     </span>
    </p>

    <p class='ocr_par' dir='ltr' id='par_1_2' title="bbox 116 723 1244 1976">
     <span class='ocr_line' id='line_1_4' title="bbox 195 723 1239 824; baseline 0.009 -30"><span class='ocrx_word' id='word_1_29' title='bbox 195 723 449 820; x_wconf 78' lang='lat' dir='ltr'><strong>Ex&#39;&#39;gelasieno</strong></span> <span class='ocrx_word' id='word_1_30' title='bbox 485 749 584 824; x_wconf 91' lang='lat' dir='ltr'><strong>porro</strong></span> <span class='ocrx_word' id='word_1_31' title='bbox 620 750 718 798; x_wconf 92' lang='lat' dir='ltr'><strong>suum</strong></span> <span class='ocrx_word' id='word_1_32' title='bbox 758 726 904 800; x_wconf 80' lang='lat' dir='ltr'><strong>coniecit</strong></span> <span class='ocrx_word' id='word_1_33' title='bbox 921 758 925 767; x_wconf 92' lang='lat'><strong>·</strong></span> <span class='ocrx_word' id='word_1_34' title='bbox 942 729 1239 823; x_wconf 75' lang='lat' dir='ltr'><strong>scemment&#39;s&#39;rium</strong></span> 
     </span>
     <span class='ocr_line' id='line_1_5' title="bbox 118 838 1239 938; baseline 0.008 -26"><span class='ocrx_word' id='word_1_35' title='bbox 118 865 147 912; x_wconf 88' lang='lat' dir='ltr'><strong>s.</strong></span> <span class='ocrx_word' id='word_1_36' title='bbox 177 838 354 938; x_wconf 73' lang='lat' dir='ltr'><strong>Gregorius</strong></span> <span class='ocrx_word' id='word_1_37' title='bbox 381 842 425 912; x_wconf 90' lang='grc' dir='ltr'><strong>Μ.</strong></span> <span class='ocrx_word' id='word_1_38' title='bbox 452 840 501 915; x_wconf 91' lang='lat' dir='ltr'><strong>uti</strong></span> <span class='ocrx_word' id='word_1_39' title='bbox 527 858 667 916; x_wconf 87' lang='lat' dir='ltr'><strong>testetur</strong></span> <span class='ocrx_word' id='word_1_40' title='bbox 692 843 836 917; x_wconf 83' lang='lat' dir='ltr'><strong>loannes</strong></span> <span class='ocrx_word' id='word_1_41' title='bbox 863 843 1026 918; x_wconf 87' lang='lat' dir='ltr'><strong>diaconus</strong></span> <span class='ocrx_word' id='word_1_42' title='bbox 1041 873 1045 908; x_wconf 74' lang='lat' dir='ltr'>z</span> <span class='ocrx_word' id='word_1_43' title='bbox 1058 846 1132 918; x_wconf 88' lang='lat' dir='ltr'><strong>eius</strong></span> <span class='ocrx_word' id='word_1_44' title='bbox 1165 845 1239 922; x_wconf 83' lang='lat' dir='ltr'><strong>bio·</strong></span> 
     </span>
     <span class='ocr_line' id='line_1_6' title="bbox 116 955 1238 1055; baseline 0.008 -30"><span class='ocrx_word' id='word_1_45' title='bbox 116 955 268 1054; x_wconf 83' lang='lat' dir='ltr'><strong>grepbus</strong></span> <span class='ocrx_word' id='word_1_46' title='bbox 293 956 462 1030; x_wconf 88' lang='lat' dir='ltr'><strong>scribens:</strong></span> <span class='ocrx_word' id='word_1_47' title='bbox 487 957 584 1030; x_wconf 84' lang='lat' dir='ltr'><strong>«Sed</strong></span> <span class='ocrx_word' id='word_1_48' title='bbox 609 975 643 1031; x_wconf 90' lang='lat' dir='ltr'><strong>et</strong></span> <span class='ocrx_word' id='word_1_49' title='bbox 667 958 877 1055; x_wconf 84' lang='lat' dir='ltr'><strong>gelasianum</strong></span> <span class='ocrx_word' id='word_1_50' title='bbox 902 958 1052 1032; x_wconf 89' lang='lat' dir='ltr'><strong>codicem</strong></span> <span class='ocrx_word' id='word_1_51' title='bbox 1081 960 1125 1032; x_wconf 88' lang='lat' dir='ltr'><strong>de</strong></span> <span class='ocrx_word' id='word_1_52' title='bbox 1154 960 1238 1035; x_wconf 83' lang='lat' dir='ltr'><strong>mis·</strong></span> 
     </span>
     <span class='ocr_line' id='line_1_7' title="bbox 119 1069 1234 1173; baseline 0.006 -31"><span class='ocrx_word' id='word_1_53' title='bbox 119 1096 232 1143; x_wconf 85' lang='lat' dir='ltr'><strong>sarum</strong></span> <span class='ocrx_word' id='word_1_54' title='bbox 262 1069 457 1159; x_wconf 84' lang='lat' dir='ltr'>solemniis,</span> <span class='ocrx_word' id='word_1_55' title='bbox 486 1072 591 1144; x_wconf 86' lang='lat' dir='ltr'><strong>multe</strong></span> <span class='ocrx_word' id='word_1_56' title='bbox 621 1071 845 1161; x_wconf 85' lang='lat' dir='ltr'><strong>subtrabens,</strong></span> <span class='ocrx_word' id='word_1_57' title='bbox 880 1080 990 1173; x_wconf 84' lang='lat' dir='ltr'><strong>peuce</strong></span> <span class='ocrx_word' id='word_1_58' title='bbox 1018 1079 1234 1163; x_wconf 71' lang='lat' dir='ltr'><strong>conuertens,</strong></span> 
     </span>
     <span class='ocr_line' id='line_1_8' title="bbox 118 1183 1238 1287; baseline 0.009 -33"><span class='ocrx_word' id='word_1_59' title='bbox 118 1183 280 1259; x_wconf 81' lang='lat' dir='ltr'><strong>nonnulla</strong></span> <span class='ocrx_word' id='word_1_60' title='bbox 305 1183 468 1258; x_wconf 83' lang='lat' dir='ltr'><strong>adiiciens</strong></span> <span class='ocrx_word' id='word_1_61' title='bbox 490 1211 551 1285; x_wconf 88' lang='lat' dir='ltr'><strong>pro</strong></span> <span class='ocrx_word' id='word_1_62' title='bbox 571 1187 777 1287; x_wconf 83' lang='lat' dir='ltr'>exponendis</span> <span class='ocrx_word' id='word_1_63' title='bbox 809 1188 1012 1285; x_wconf 82' lang='lat' dir='ltr'><strong>evangelicis</strong></span> <span class='ocrx_word' id='word_1_64' title='bbox 1039 1188 1238 1287; x_wconf 76' lang='lat' dir='ltr'><strong>lectionibus</strong></span> 
     </span>
     <span class='ocr_line' id='line_1_9' title="bbox 117 1298 1238 1398; baseline 0.007 -28"><span class='ocrx_word' id='word_1_65' title='bbox 117 1299 151 1370; x_wconf 89' lang='lat' dir='ltr'><strong>in</strong></span> <span class='ocrx_word' id='word_1_66' title='bbox 168 1298 270 1382; x_wconf 82' lang='lat' dir='ltr'><strong>unius</strong></span> <span class='ocrx_word' id='word_1_67' title='bbox 288 1298 365 1372; x_wconf 87' lang='lat' dir='ltr'>libri</span> <span class='ocrx_word' id='word_1_68' title='bbox 382 1299 551 1374; x_wconf 88' lang='lat' dir='ltr'><strong>volumine</strong></span> <span class='ocrx_word' id='word_1_69' title='bbox 568 1303 747 1376; x_wconf 80' lang='lat' dir='ltr'><strong>coarctavit</strong></span> <span class='ocrx_word' id='word_1_70' title='bbox 764 1306 828 1398; x_wconf 78' lang='lat'>(9).</span> <span class='ocrx_word' id='word_1_71' title='bbox 849 1333 865 1373; x_wconf 79' lang='lat' dir='ltr'><strong>s</strong></span> <span class='ocrx_word' id='word_1_72' title='bbox 887 1304 1005 1377; x_wconf 82' lang='lat' dir='ltr'><strong>Verum</strong></span> <span class='ocrx_word' id='word_1_73' title='bbox 1021 1309 1068 1377; x_wconf 81' lang='lat' dir='ltr'><strong>&#39;et</strong></span> <span class='ocrx_word' id='word_1_74' title='bbox 1086 1302 1238 1379; x_wconf 82' lang='lat' dir='ltr'><strong>Gelasius</strong></span> 
     </span>
     <span class='ocr_line' id='line_1_10' title="bbox 117 1413 1239 1519; baseline 0.007 -33"><span class='ocrx_word' id='word_1_75' title='bbox 117 1413 182 1488; x_wconf 87' lang='lat' dir='ltr'><strong>hoc</strong></span> <span class='ocrx_word' id='word_1_76' title='bbox 206 1440 292 1514; x_wconf 88' lang='lat' dir='ltr'><strong>opus</strong></span> <span class='ocrx_word' id='word_1_77' title='bbox 318 1440 416 1489; x_wconf 89' lang='lat' dir='ltr'><strong>suum</strong></span> <span class='ocrx_word' id='word_1_78' title='bbox 442 1417 583 1491; x_wconf 75' lang='lat' dir='ltr'><strong>confecit</strong></span> <span class='ocrx_word' id='word_1_79' title='bbox 606 1445 646 1491; x_wconf 84' lang='lat' dir='ltr'><strong>cx</strong></span> <span class='ocrx_word' id='word_1_80' title='bbox 672 1420 826 1493; x_wconf 71' lang='lat' dir='ltr'><strong>sicone</strong></span> <span class='ocrx_word' id='word_1_81' title='bbox 843 1417 963 1517; x_wconf 79' lang='lat' dir='ltr'><strong>blegne</strong></span> <span class='ocrx_word' id='word_1_82' title='bbox 980 1418 1167 1519; x_wconf 69' lang='lat' dir='ltr'><strong>&#39;potissime</strong></span> <span class='ocrx_word' id='word_1_83' title='bbox 1191 1424 1239 1503; x_wconf 69' lang='lat' dir='ltr'><strong>et</strong></span> 
     </span>
     <span class='ocr_line' id='line_1_11' title="bbox 117 1532 1244 1636; baseline 0.005 -33"><span class='ocrx_word' id='word_1_84' title='bbox 117 1556 184 1629; x_wconf 87' lang='lat' dir='ltr'><strong>que</strong></span> <span class='ocrx_word' id='word_1_85' title='bbox 208 1557 249 1604; x_wconf 82' lang='lat' dir='ltr'><strong>ex</strong></span> <span class='ocrx_word' id='word_1_86' title='bbox 274 1532 348 1606; x_wconf 86' lang='lat' dir='ltr'><strong>cius</strong></span> <span class='ocrx_word' id='word_1_87' title='bbox 363 1533 690 1632; x_wconf 76' lang='lat' dir='ltr'><strong>praedecessoribus</strong></span> <span class='ocrx_word' id='word_1_88' title='bbox 708 1535 855 1609; x_wconf 83' lang='lat' dir='ltr'><strong>mmenis</strong></span> <span class='ocrx_word' id='word_1_89' title='bbox 876 1535 1057 1636; x_wconf 85' lang='lat' dir='ltr'><strong>episcopis¹</strong></span> <span class='ocrx_word' id='word_1_90' title='bbox 1077 1537 1165 1631; x_wconf 83' lang='lat'>(10).</span> <span class='ocrx_word' id='word_1_91' title='bbox 1187 1535 1244 1609; x_wconf 22' lang='lat' dir='ltr'><strong>ux,</strong></span> 
     </span>
     <span class='ocr_line' id='line_1_12' title="bbox 116 1645 1238 1744; baseline 0.007 -26"><span class='ocrx_word' id='word_1_92' title='bbox 116 1645 274 1744; x_wconf 88' lang='lat' dir='ltr'><strong>quibus</strong></span> <span class='ocrx_word' id='word_1_93' title='bbox 266 1672 338 1720; x_wconf 89' lang='lat' dir='ltr'><strong>rure</strong></span> <span class='ocrx_word' id='word_1_94' title='bbox 356 1646 547 1723; x_wconf 85' lang='lat' dir='ltr'><strong>inferimus</strong></span> <span class='ocrx_word' id='word_1_95' title='bbox 564 1648 749 1724; x_wconf 83' lang='lat' dir='ltr'><strong>doctrinam</strong></span> <span class='ocrx_word' id='word_1_96' title='bbox 768 1655 817 1723; x_wconf 87' lang='lat' dir='ltr'><strong>et</strong></span> <span class='ocrx_word' id='word_1_97' title='bbox 827 1649 930 1723; x_wconf 88' lang='lat' dir='ltr'><strong>fidem</strong></span> <span class='ocrx_word' id='word_1_98' title='bbox 951 1650 996 1723; x_wconf 91' lang='lat' dir='ltr'><strong>de</strong></span> <span class='ocrx_word' id='word_1_99' title='bbox 1022 1654 1238 1732; x_wconf 80' lang='lat' dir='ltr'><strong>sacramento</strong></span> 
     </span>
     <span class='ocr_line' id='line_1_13' title="bbox 117 1761 1238 1894; baseline 0.008 -62"><span class='ocrx_word' id='word_1_100' title='bbox 117 1761 321 1836; x_wconf 79' lang='lat' dir='ltr'><strong>matrimonii</strong></span> <span class='ocrx_word' id='word_1_101' title='bbox 346 1788 464 1894; x_wconf 79' lang='lat' dir='ltr'><strong>presse</strong></span> <span class='ocrx_word' id='word_1_102' title='bbox 488 1780 625 1865; x_wconf 86' lang='lat' dir='ltr'><strong>eccepto</strong></span> <span class='ocrx_word' id='word_1_103' title='bbox 655 1764 773 1865; x_wconf 88' lang='lat' dir='ltr'><strong>primis</strong></span> <span class='ocrx_word' id='word_1_104' title='bbox 806 1765 890 1893; x_wconf 84' lang='lat' dir='ltr'><strong>ipsis</strong></span> <span class='ocrx_word' id='word_1_105' title='bbox 920 1765 1082 1860; x_wconf 75' lang='lat' dir='ltr'><strong>ecclesiae</strong></span> <span class='ocrx_word' id='word_1_106' title='bbox 1108 1765 1238 1841; x_wconf 87' lang='lat' dir='ltr'><strong>seculis</strong></span> 
     </span>
     <span class='ocr_line' id='line_1_14' title="bbox 117 1877 751 1976; baseline 0.012 -28"><span class='ocrx_word' id='word_1_107' title='bbox 117 1877 242 1974; x_wconf 79' lang='lat' dir='ltr'><strong>iugiter</strong></span> <span class='ocrx_word' id='word_1_108' title='bbox 265 1878 416 1976; x_wconf 82' lang='lat' dir='ltr'><strong>viguisse</strong></span> <span class='ocrx_word' id='word_1_109' title='bbox 430 1881 476 1953; x_wconf 93' lang='lat' dir='ltr'><strong>in</strong></span> <span class='ocrx_word' id='word_1_110' title='bbox 502 1879 751 1955; x_wconf 81' lang='lat' dir='ltr'><strong>Occidente..</strong></span> 
     </span>
    </p>

    <p class='ocr_par' dir='ltr' id='par_1_3' title="bbox 115 1994 1238 2439">
     <span class='ocr_line' id='line_1_15' title="bbox 188 1994 1238 2099; baseline 0.009 -33"><span class='ocrx_word' id='word_1_111' title='bbox 188 1994 349 2068; x_wconf 84' lang='lat' dir='ltr'><strong>Eemdsm</strong></span> <span class='ocrx_word' id='word_1_112' title='bbox 368 1996 492 2094; x_wconf 79' lang='lat' dir='ltr'><strong>pariter</strong></span> <span class='ocrx_word' id='word_1_113' title='bbox 517 1996 631 2094; x_wconf 78' lang='lat' dir='ltr'><strong>iugem¹</strong></span> <span class='ocrx_word' id='word_1_114' title='bbox 655 2001 931 2099; x_wconf 81' lang='lat' dir='ltr'><strong>constentcmque&#39;</strong></span> <span class='ocrx_word' id='word_1_115' title='bbox 950 1998 1158 2073; x_wconf 77' lang='lat' dir='ltr'><strong>doctrinam</strong></span> <span class='ocrx_word' id='word_1_116' title='bbox 1160 2025 1238 2099; x_wconf 88' lang='lat' dir='ltr'><strong>pro·</strong></span> 
     </span>
     <span class='ocr_line' id='line_1_16' title="bbox 117 2045 1237 2198; baseline 0.006 -18"><span class='ocrx_word' id='word_1_117' title='bbox 117 2045 244 2182; x_wconf 74' lang='lat' dir='ltr'><strong>lessam</strong></span> <span class='ocrx_word' id='word_1_118' title='bbox 263 2133 341 2185; x_wconf 89' lang='lat' dir='ltr'><strong>esse</strong></span> <span class='ocrx_word' id='word_1_119' title='bbox 360 2110 555 2184; x_wconf 75' lang='lat' dir='ltr'><strong>orientalem</strong></span> <span class='ocrx_word' id='word_1_120' title='bbox 578 2111 773 2198; x_wconf 81' lang='lat' dir='ltr'><strong>ecclesiam,</strong></span> <span class='ocrx_word' id='word_1_121' title='bbox 795 2113 995 2187; x_wconf 83' lang='lat' dir='ltr'><strong>documenta</strong></span> <span class='ocrx_word' id='word_1_122' title='bbox 1015 2113 1114 2187; x_wconf 87' lang='lat' dir='ltr'><strong>nobis</strong></span> <span class='ocrx_word' id='word_1_123' title='bbox 1136 2114 1237 2187; x_wconf 82' lang='lat' dir='ltr'><strong>indu-</strong></span> 
     </span>
     <span class='ocr_line' id='line_1_17' title="bbox 118 2222 1236 2325; baseline 0.007 -31"><span class='ocrx_word' id='word_1_124' title='bbox 118 2222 178 2296; x_wconf 85' lang='lat' dir='ltr'><strong>bi&#39;e</strong></span> <span class='ocrx_word' id='word_1_125' title='bbox 197 2224 433 2298; x_wconf 76' lang='lat' dir='ltr'><strong>ostendentes</strong></span> <span class='ocrx_word' id='word_1_126' title='bbox 451 2226 676 2299; x_wconf 83' lang='lat' dir='ltr'><strong>remotissima</strong></span> <span class='ocrx_word' id='word_1_127' title='bbox 694 2240 803 2299; x_wconf 83' lang='lat' dir='ltr'><strong>estete</strong></span> <span class='ocrx_word' id='word_1_128' title='bbox 820 2227 936 2325; x_wconf 86' lang='lat' dir='ltr'><strong>petits.</strong></span> <span class='ocrx_word' id='word_1_129' title='bbox 964 2228 1048 2299; x_wconf 88' lang='lat' dir='ltr'><strong>Nem</strong></span> <span class='ocrx_word' id='word_1_130' title='bbox 1068 2227 1176 2325; x_wconf 91' lang='lat' dir='ltr'><strong>primo</strong></span> <span class='ocrx_word' id='word_1_131' title='bbox 1195 2231 1236 2302; x_wconf 81' lang='lat' dir='ltr'><strong>ex</strong></span> 
     </span>
     <span class='ocr_line' id='line_1_18' title="bbox 115 2339 1233 2439; baseline 0.002 -25"><span class='ocrx_word' id='word_1_132' title='bbox 115 2339 269 2414; x_wconf 88' lang='lat' dir='ltr'><strong>conciliis</strong></span> <span class='ocrx_word' id='word_1_133' title='bbox 293 2339 470 2416; x_wconf 85' lang='lat' dir='ltr'><strong>celebretis</strong></span> <span class='ocrx_word' id='word_1_134' title='bbox 488 2340 651 2415; x_wconf 86' lang='lat' dir='ltr'><strong>adversus</strong></span> <span class='ocrx_word' id='word_1_135' title='bbox 665 2339 828 2439; x_wconf 82' lang='lat' dir='ltr'><strong>Cyrillum</strong></span> <span class='ocrx_word' id='word_1_136' title='bbox 845 2340 1000 2415; x_wconf 87' lang='lat' dir='ltr'><strong>Lucerim</strong></span> <span class='ocrx_word' id='word_1_137' title='bbox 1027 2341 1233 2418; x_wconf 74' lang='lat' dir='ltr'><strong>orthodoxos</strong></span> 
     </span>
    </p>
   </div>
   <div class='ocr_carea' id='block_1_2' title="bbox 116 2575 1238 4398">
    <p class='ocr_par' dir='ltr' id='par_1_4' title="bbox 187 2575 827 2642">
     <span class='ocr_line' id='line_1_19' title="bbox 187 2575 827 2642; baseline 0.003 -17"><span class='ocrx_word' id='word_1_138' title='bbox 187 2575 224 2638; x_wconf 77' lang='lat' dir='ltr'><strong>(s)</strong></span> <span class='ocrx_word' id='word_1_139' title='bbox 239 2577 268 2626; x_wconf 86' lang='lat' dir='ltr'><strong>lc</strong></span> <span class='ocrx_word' id='word_1_140' title='bbox 287 2589 307 2626; x_wconf 86' lang='lat' dir='ltr'><strong>s.</strong></span> <span class='ocrx_word' id='word_1_141' title='bbox 319 2577 431 2640; x_wconf 76' lang='lat' dir='ltr'><strong>Gregorii</strong></span> <span class='ocrx_word' id='word_1_142' title='bbox 441 2576 493 2629; x_wconf 76' lang='lat' dir='ltr'><strong>vite</strong></span> <span class='ocrx_word' id='word_1_143' title='bbox 504 2577 548 2629; x_wconf 88' lang='lat' dir='ltr'><strong>lib.</strong></span> <span class='ocrx_word' id='word_1_144' title='bbox 558 2577 656 2642; x_wconf 74' lang='lat' dir='ltr'><strong>licep.</strong></span> <span class='ocrx_word' id='word_1_145' title='bbox 667 2576 733 2628; x_wconf 76' lang='lat' dir='ltr'><strong>xvt.</strong></span> <span class='ocrx_word' id='word_1_146' title='bbox 824 2614 827 2621; x_wconf 59' lang='grc'><strong><em>»</em></strong></span> 
     </span>
    </p>

    <p class='ocr_par' dir='ltr' id='par_1_5' title="bbox 117 2655 1236 2878">
     <span class='ocr_line' id='line_1_20' title="bbox 190 2655 1236 2724; baseline 0.002 -18"><span class='ocrx_word' id='word_1_147' title='bbox 190 2655 241 2721; x_wconf 83' lang='lat' dir='ltr'><strong>(to)</strong></span> <span class='ocrx_word' id='word_1_148' title='bbox 252 2657 290 2709; x_wconf 83' lang='lat' dir='ltr'><strong>ct.</strong></span> <span class='ocrx_word' id='word_1_149' title='bbox 300 2657 325 2707; x_wconf 85' lang='lat' dir='ltr'><strong>h.</strong></span> <span class='ocrx_word' id='word_1_150' title='bbox 333 2657 459 2709; x_wconf 73' lang='lat' dir='ltr'><strong>Thomssil</strong></span> <span class='ocrx_word' id='word_1_151' title='bbox 473 2658 549 2722; x_wconf 79' lang='lat' dir='ltr'><strong>preci.</strong></span> <span class='ocrx_word' id='word_1_152' title='bbox 556 2658 595 2709; x_wconf 84' lang='lat' dir='ltr'><strong>od</strong></span> <span class='ocrx_word' id='word_1_153' title='bbox 604 2659 646 2709; x_wconf 89' lang='lat' dir='ltr'><strong>cit.</strong></span> <span class='ocrx_word' id='word_1_154' title='bbox 655 2656 925 2722; x_wconf 77' lang='lat' dir='ltr'><strong>psg.v1.quicontulit</strong></span> <span class='ocrx_word' id='word_1_155' title='bbox 934 2656 1035 2724; x_wconf 76' lang='lat' dir='ltr'><strong>phrases</strong></span> <span class='ocrx_word' id='word_1_156' title='bbox 1046 2656 1236 2708; x_wconf 84' lang='lat' dir='ltr'><strong>leonlenescom</strong></span> 
     </span>
     <span class='ocr_line' id='line_1_21' title="bbox 117 2731 1233 2805; baseline 0.004 -22"><span class='ocrx_word' id='word_1_157' title='bbox 117 2735 248 2797; x_wconf 74' lang='lat' dir='ltr'><strong>phrasibus</strong></span> <span class='ocrx_word' id='word_1_158' title='bbox 267 2749 331 2800; x_wconf 86' lang='lat' dir='ltr'><strong>quse</strong></span> <span class='ocrx_word' id='word_1_159' title='bbox 348 2742 482 2788; x_wconf 85' lang='lat' dir='ltr'><strong>occurrunt</strong></span> <span class='ocrx_word' id='word_1_160' title='bbox 492 2738 518 2788; x_wconf 90' lang='lat' dir='ltr'><strong>in</strong></span> <span class='ocrx_word' id='word_1_161' title='bbox 527 2737 611 2788; x_wconf 77' lang='lat' dir='ltr'><strong>codice</strong></span> <span class='ocrx_word' id='word_1_162' title='bbox 625 2732 764 2802; x_wconf 68' lang='lat' dir='ltr'><strong>gelasiano,</strong></span> <span class='ocrx_word' id='word_1_163' title='bbox 779 2738 918 2802; x_wconf 76' lang='lat' dir='ltr'><strong>reperitque</strong></span> <span class='ocrx_word' id='word_1_164' title='bbox 930 2737 1022 2787; x_wconf 85' lang='lat' dir='ltr'><strong>nedum</strong></span> <span class='ocrx_word' id='word_1_165' title='bbox 1032 2737 1178 2805; x_wconf 78' lang='lat' dir='ltr'><strong>sententies,</strong></span> <span class='ocrx_word' id='word_1_166' title='bbox 1190 2731 1233 2788; x_wconf 78' lang='lat' dir='ltr'><strong>seri</strong></span> 
     </span>
     <span class='ocr_line' id='line_1_22' title="bbox 118 2815 579 2878; baseline 0.009 -15"><span class='ocrx_word' id='word_1_167' title='bbox 118 2815 223 2878; x_wconf 78' lang='lat' dir='ltr'><strong>ipsemet</strong></span> <span class='ocrx_word' id='word_1_168' title='bbox 232 2817 308 2869; x_wconf 80' lang='lat' dir='ltr'><strong>verbe</strong></span> <span class='ocrx_word' id='word_1_169' title='bbox 321 2818 417 2871; x_wconf 83' lang='lat' dir='ltr'><strong>Leonis</strong></span> <span class='ocrx_word' id='word_1_170' title='bbox 420 2819 462 2869; x_wconf 89' lang='lat' dir='ltr'><strong>bic</strong></span> <span class='ocrx_word' id='word_1_171' title='bbox 472 2818 579 2870; x_wconf 85' lang='lat' dir='ltr'><strong>reciteri.</strong></span> 
     </span>
    </p>

    <p class='ocr_par' dir='ltr' id='par_1_6' title="bbox 116 2853 1238 4398">
     <span class='ocr_line' id='line_1_23' title="bbox 185 2853 1236 2968; baseline 0.002 -23"><span class='ocrx_word' id='word_1_172' title='bbox 185 2897 276 2946; x_wconf 87' lang='lat' dir='ltr'><strong>Verum</strong></span> <span class='ocrx_word' id='word_1_173' title='bbox 285 2898 518 2960; x_wconf 87' lang='lat' dir='ltr'><strong>nouemptiuscpus</strong></span> <span class='ocrx_word' id='word_1_174' title='bbox 528 2900 565 2948; x_wconf 88' lang='lat' dir='ltr'><strong>est</strong></span> <span class='ocrx_word' id='word_1_175' title='bbox 574 2897 721 2948; x_wconf 89' lang='lat' dir='ltr'><strong>coniecturis</strong></span> <span class='ocrx_word' id='word_1_176' title='bbox 722 2896 904 2961; x_wconf 79' lang='lat' dir='ltr'><strong>,postquemcl</strong></span> <span class='ocrx_word' id='word_1_177' title='bbox 911 2898 947 2947; x_wconf 86' lang='lat' dir='ltr'><strong>io.</strong></span> <span class='ocrx_word' id='word_1_178' title='bbox 954 2865 1111 2948; x_wconf 87' lang='lat' dir='ltr'><strong>Blsncblnics</strong></span> <span class='ocrx_word' id='word_1_179' title='bbox 1120 2853 1236 2968; x_wconf 70' lang='lat' dir='ltr'><strong>quonum</strong></span> 
     </span>
     <span class='ocr_line' id='line_1_24' title="bbox 119 2974 1234 3040; baseline 0.002 -16"><span class='ocrx_word' id='word_1_180' title='bbox 119 2977 213 3026; x_wconf 87' lang='lat' dir='ltr'><strong>tomum</strong></span> <span class='ocrx_word' id='word_1_181' title='bbox 226 2974 343 3028; x_wconf 83' lang='lat' dir='ltr'><strong>edltctcss</strong></span> <span class='ocrx_word' id='word_1_182' title='bbox 356 2979 427 3028; x_wconf 81' lang='lat' dir='ltr'><strong>Rom.</strong></span> <span class='ocrx_word' id='word_1_183' title='bbox 436 2976 580 3040; x_wconf 83' lang='lat' dir='ltr'><strong>pontificum</strong></span> <span class='ocrx_word' id='word_1_184' title='bbox 590 2976 649 3027; x_wconf 82' lang='lat' dir='ltr'><strong>vitis</strong></span> <span class='ocrx_word' id='word_1_185' title='bbox 658 2974 689 3026; x_wconf 82' lang='lat' dir='ltr'><strong>ab</strong></span> <span class='ocrx_word' id='word_1_186' title='bbox 694 2976 823 3028; x_wconf 76' lang='lat' dir='ltr'><strong>Anastasio</strong></span> <span class='ocrx_word' id='word_1_187' title='bbox 834 2974 944 3028; x_wconf 86' lang='lat' dir='ltr'><strong>collectis</strong></span> <span class='ocrx_word' id='word_1_188' title='bbox 954 2978 978 3027; x_wconf 86' lang='lat' dir='ltr'><strong>et</strong></span> <span class='ocrx_word' id='word_1_189' title='bbox 987 2989 1002 3025; x_wconf 87' lang='lat' dir='ltr'><strong>e</strong></span> <span class='ocrx_word' id='word_1_190' title='bbox 1012 2977 1100 3038; x_wconf 87' lang='lat' dir='ltr'><strong>pstruo</strong></span> <span class='ocrx_word' id='word_1_191' title='bbox 1107 2988 1152 3026; x_wconf 90' lang='lat' dir='ltr'><strong>suo</strong></span> <span class='ocrx_word' id='word_1_192' title='bbox 1160 2977 1234 3026; x_wconf 75' lang='lat' dir='ltr'><strong>Fren-</strong></span> 
     </span>
     <span class='ocr_line' id='line_1_25' title="bbox 116 3053 1236 3120; baseline 0.003 -16"><span class='ocrx_word' id='word_1_193' title='bbox 116 3055 331 3111; x_wconf 72' lang='lat' dir='ltr'><strong>cemelenensis</strong></span> <span class='ocrx_word' id='word_1_194' title='bbox 337 3055 627 3120; x_wconf 76' lang='lat' dir='ltr'><strong>illustratet,oprrsculum</strong></span> <span class='ocrx_word' id='word_1_195' title='bbox 634 3053 712 3106; x_wconf 80' lang='lat' dir='ltr'><strong>edidit</strong></span> <span class='ocrx_word' id='word_1_196' title='bbox 718 3054 766 3107; x_wconf 87' lang='lat' dir='ltr'><strong>sub</strong></span> <span class='ocrx_word' id='word_1_197' title='bbox 773 3056 820 3105; x_wconf 86' lang='lat' dir='ltr'><strong>hoo</strong></span> <span class='ocrx_word' id='word_1_198' title='bbox 826 3054 908 3106; x_wconf 75' lang='lat' dir='ltr'><strong>titulo·</strong></span> <span class='ocrx_word' id='word_1_199' title='bbox 916 3053 1236 3107; x_wconf 73' lang='lat' dir='ltr'><strong>cocrcsammentom</strong></span> 
     </span>
     <span class='ocr_line' id='line_1_26' title="bbox 118 3131 1235 3200; baseline 0.004 -15"><span class='ocrx_word' id='word_1_200' title='bbox 118 3137 329 3197; x_wconf 79' lang='lat' dir='ltr'><strong>cetttsttomccce,</strong></span> <span class='ocrx_word' id='word_1_201' title='bbox 335 3136 741 3200; x_wconf 67' lang='lat' dir='ltr'><strong>commoramtomnepapa</strong></span> <span class='ocrx_word' id='word_1_202' title='bbox 750 3131 1235 3199; x_wconf 65' lang='lat' dir='ltr'><strong>consectcsprtmumprodtttesetee.</strong></span> 
     </span>
     <span class='ocr_line' id='line_1_27' title="bbox 120 3211 1236 3284; baseline 0.002 -20"><span class='ocrx_word' id='word_1_203' title='bbox 120 3213 187 3265; x_wconf 78' lang='lat' dir='ltr'><strong>ltiro</strong></span> <span class='ocrx_word' id='word_1_204' title='bbox 203 3214 278 3284; x_wconf 71' lang='lat' dir='ltr'><strong>settle</strong></span> <span class='ocrx_word' id='word_1_205' title='bbox 294 3228 377 3266; x_wconf 83' lang='lat' dir='ltr'><strong>annos</strong></span> <span class='ocrx_word' id='word_1_206' title='bbox 395 3215 553 3280; x_wconf 78' lang='lat' dir='ltr'><strong>conscripto,</strong></span> <span class='ocrx_word' id='word_1_207' title='bbox 570 3217 616 3280; x_wconf 78' lang='lat' dir='ltr'><strong>qut</strong></span> <span class='ocrx_word' id='word_1_208' title='bbox 632 3217 708 3266; x_wconf 80' lang='lat' dir='ltr'><strong>octat</strong></span> <span class='ocrx_word' id='word_1_209' title='bbox 726 3218 753 3264; x_wconf 84' lang='lat' dir='ltr'><strong>tc</strong></span> <span class='ocrx_word' id='word_1_210' title='bbox 774 3213 932 3264; x_wconf 73' lang='lat' dir='ltr'><strong>bibliotheca</strong></span> <span class='ocrx_word' id='word_1_211' title='bbox 942 3211 1106 3276; x_wconf 75' lang='lat' dir='ltr'><strong>amplissimo</strong></span> <span class='ocrx_word' id='word_1_212' title='bbox 1122 3213 1236 3276; x_wconf 80' lang='lat' dir='ltr'><strong>capttctt</strong></span> 
     </span>
     <span class='ocr_line' id='line_1_28' title="bbox 118 3292 1236 3358; baseline -0.001 -14"><span class='ocrx_word' id='word_1_213' title='bbox 118 3297 276 3347; x_wconf 70' lang='lat' dir='ltr'><strong>coronastis.</strong></span> <span class='ocrx_word' id='word_1_214' title='bbox 283 3295 382 3346; x_wconf 70' lang='lat' dir='ltr'><strong>ttisseb</strong></span> <span class='ocrx_word' id='word_1_215' title='bbox 391 3296 438 3346; x_wconf 83' lang='lat' dir='ltr'><strong>boc</strong></span> <span class='ocrx_word' id='word_1_216' title='bbox 447 3294 587 3346; x_wconf 85' lang='lat' dir='ltr'><strong>leoniunum</strong></span> <span class='ocrx_word' id='word_1_217' title='bbox 596 3307 695 3346; x_wconf 76' lang='lat' dir='ltr'><strong>mesum</strong></span> <span class='ocrx_word' id='word_1_218' title='bbox 704 3294 815 3358; x_wconf 78' lang='lat' dir='ltr'><strong>vulgavit</strong></span> <span class='ocrx_word' id='word_1_219' title='bbox 826 3293 859 3344; x_wconf 88' lang='lat' dir='ltr'><strong>cl.</strong></span> <span class='ocrx_word' id='word_1_220' title='bbox 866 3293 1015 3343; x_wconf 81' lang='lat' dir='ltr'><strong>Muretorius</strong></span> <span class='ocrx_word' id='word_1_221' title='bbox 1028 3292 1053 3342; x_wconf 88' lang='lat' dir='ltr'><strong>tn</strong></span> <span class='ocrx_word' id='word_1_222' title='bbox 1064 3305 1106 3355; x_wconf 89' lang='lat' dir='ltr'><strong>op.</strong></span> <span class='ocrx_word' id='word_1_223' title='bbox 1114 3293 1236 3356; x_wconf 58' lang='grc' dir='ltr'><strong>Ματθία</strong></span> 
     </span>
     <span class='ocr_line' id='line_1_29' title="bbox 118 3371 1238 3433; baseline -0.004 -8"><span class='ocrx_word' id='word_1_224' title='bbox 118 3376 412 3433; x_wconf 57' lang='lat' dir='ltr'><strong>romccccctrtstsnet.</strong></span> <span class='ocrx_word' id='word_1_225' title='bbox 420 3380 488 3426; x_wconf 75' lang='lat'>1748.</span> <span class='ocrx_word' id='word_1_226' title='bbox 495 3375 605 3425; x_wconf 72' lang='lat' dir='ltr'><strong>rotun</strong></span> <span class='ocrx_word' id='word_1_227' title='bbox 614 3375 661 3424; x_wconf 90' lang='lat' dir='ltr'><strong>hoc</strong></span> <span class='ocrx_word' id='word_1_228' title='bbox 668 3386 726 3425; x_wconf 84' lang='lat' dir='ltr'><strong>vero</strong></span> <span class='ocrx_word' id='word_1_229' title='bbox 734 3373 846 3425; x_wconf 79' lang='lat' dir='ltr'><strong>leoniano</strong></span> <span class='ocrx_word' id='word_1_230' title='bbox 854 3371 1238 3428; x_wconf 82' lang='lat' dir='ltr'><strong>scemmenteriomissshsbetur</strong></span> 
     </span>
     <span class='ocr_line' id='line_1_30' title="bbox 117 3440 1235 3519; baseline 0 -16"><span class='ocrx_word' id='word_1_231' title='bbox 117 3451 218 3504; x_wconf 88' lang='lat' dir='ltr'><strong>subhoc</strong></span> <span class='ocrx_word' id='word_1_232' title='bbox 225 3446 311 3505; x_wconf 83' lang='lat' dir='ltr'><strong>titulo:</strong></span> <span class='ocrx_word' id='word_1_233' title='bbox 327 3448 535 3519; x_wconf 67' lang='lat' dir='ltr'><strong>Inctptt&#39;oclat&#39;to</strong></span> <span class='ocrx_word' id='word_1_234' title='bbox 546 3454 677 3519; x_wconf 80' lang='lat' dir='ltr'><strong>nepttctts</strong></span> <span class='ocrx_word' id='word_1_235' title='bbox 688 3453 734 3503; x_wconf 88' lang='lat' dir='ltr'><strong>sub</strong></span> <span class='ocrx_word' id='word_1_236' title='bbox 743 3454 851 3504; x_wconf 81' lang='lat' dir='ltr'><strong>mxxii.</strong></span> <span class='ocrx_word' id='word_1_237' title='bbox 863 3442 929 3516; x_wconf 79' lang='lat' dir='ltr'><strong>epod</strong></span> <span class='ocrx_word' id='word_1_238' title='bbox 939 3440 1101 3502; x_wconf 77' lang='lat' dir='ltr'><strong>Muretbrium</strong></span> <span class='ocrx_word' id='word_1_239' title='bbox 1112 3464 1168 3515; x_wconf 78' lang='lat' dir='ltr'><strong>peg.</strong></span> <span class='ocrx_word' id='word_1_240' title='bbox 1179 3453 1235 3503; x_wconf 77' lang='lat' dir='ltr'><strong>tto.</strong></span> 
     </span>
     <span class='ocr_line' id='line_1_31' title="bbox 117 3531 1237 3601; baseline -0.002 -17"><span class='ocrx_word' id='word_1_241' title='bbox 117 3534 142 3584; x_wconf 85' lang='lat' dir='ltr'><strong>Si</strong></span> <span class='ocrx_word' id='word_1_242' title='bbox 148 3535 262 3586; x_wconf 83' lang='lat' dir='ltr'><strong>conteres</strong></span> <span class='ocrx_word' id='word_1_243' title='bbox 277 3538 405 3587; x_wconf 80' lang='lat' dir='ltr'><strong>cottonem</strong></span> <span class='ocrx_word' id='word_1_244' title='bbox 419 3535 567 3601; x_wconf 73' lang='lat' dir='ltr'><strong>nuptialem</strong></span> <span class='ocrx_word' id='word_1_245' title='bbox 579 3535 697 3586; x_wconf 85' lang='lat' dir='ltr'><strong>s.Gelesii</strong></span> <span class='ocrx_word' id='word_1_246' title='bbox 712 3547 769 3585; x_wconf 88' lang='lat' dir='ltr'><strong>cum</strong></span> <span class='ocrx_word' id='word_1_247' title='bbox 785 3531 1237 3596; x_wconf 51' lang='lat' dir='ltr'><strong>imponereinponere</strong></span> 
     </span>
     <span class='ocr_line' id='line_1_32' title="bbox 118 3611 1236 3678; baseline -0.003 -12"><span class='ocrx_word' id='word_1_248' title='bbox 118 3615 251 3676; x_wconf 73' lang='lat' dir='ltr'><strong>mmmdcc</strong></span> <span class='ocrx_word' id='word_1_249' title='bbox 263 3629 285 3666; x_wconf 89' lang='lat' dir='ltr'><strong>s.</strong></span> <span class='ocrx_word' id='word_1_250' title='bbox 296 3615 474 3667; x_wconf 74' lang='lat' dir='ltr'><strong>Gelasiumes.</strong></span> <span class='ocrx_word' id='word_1_251' title='bbox 484 3619 565 3667; x_wconf 74' lang='lat' dir='ltr'><strong>Leone</strong></span> <span class='ocrx_word' id='word_1_252' title='bbox 574 3616 642 3667; x_wconf 86' lang='lat' dir='ltr'><strong>illem</strong></span> <span class='ocrx_word' id='word_1_253' title='bbox 651 3615 788 3678; x_wconf 65' lang='lat' dir='ltr'><strong>decresse,</strong></span> <span class='ocrx_word' id='word_1_254' title='bbox 802 3627 831 3666; x_wconf 86' lang='lat' dir='ltr'><strong>tc</strong></span> <span class='ocrx_word' id='word_1_255' title='bbox 840 3615 891 3665; x_wconf 84' lang='lat' dir='ltr'><strong>tere</strong></span> <span class='ocrx_word' id='word_1_256' title='bbox 900 3612 1060 3677; x_wconf 75' lang='lat' dir='ltr'><strong>expressisse3</strong></span> <span class='ocrx_word' id='word_1_257' title='bbox 1070 3611 1154 3663; x_wconf 87' lang='lat' dir='ltr'><strong>tloruit</strong></span> <span class='ocrx_word' id='word_1_258' title='bbox 1162 3624 1236 3676; x_wconf 88' lang='lat' dir='ltr'><strong>porro</strong></span> 
     </span>
     <span class='ocr_line' id='line_1_33' title="bbox 117 3690 1238 3761; baseline -0.003 -17"><span class='ocrx_word' id='word_1_259' title='bbox 117 3707 137 3744; x_wconf 88' lang='lat' dir='ltr'><strong>s.</strong></span> <span class='ocrx_word' id='word_1_260' title='bbox 148 3696 241 3745; x_wconf 75' lang='lat' dir='ltr'><strong>Leoit.</strong></span> <span class='ocrx_word' id='word_1_261' title='bbox 254 3707 294 3745; x_wconf 85' lang='lat' dir='ltr'><strong>sn.</strong></span> <span class='ocrx_word' id='word_1_262' title='bbox 305 3698 361 3747; x_wconf 81' lang='lat' dir='ltr'><strong>tot.</strong></span> <span class='ocrx_word' id='word_1_263' title='bbox 371 3695 420 3746; x_wconf 78' lang='lat' dir='ltr'><strong>scri</strong></span> <span class='ocrx_word' id='word_1_264' title='bbox 430 3697 572 3748; x_wconf 79' lang='lat' dir='ltr'><strong>ctLeonsrn</strong></span> <span class='ocrx_word' id='word_1_265' title='bbox 584 3694 837 3761; x_wconf 83' lang='lat' dir='ltr'><strong>epreedocessortbse</strong></span> <span class='ocrx_word' id='word_1_266' title='bbox 848 3691 1183 3746; x_wconf 82' lang='lat' dir='ltr'><strong>suishocsccrementerlnm</strong></span> <span class='ocrx_word' id='word_1_267' title='bbox 1199 3690 1238 3741; x_wconf 81' lang='lat' dir='ltr'><strong>rie</strong></span> 
     </span>
     <span class='ocr_line' id='line_1_34' title="bbox 117 3769 1237 3838; baseline -0.004 -15"><span class='ocrx_word' id='word_1_268' title='bbox 117 3774 266 3825; x_wconf 82' lang='lat' dir='ltr'><strong>rivessenou</strong></span> <span class='ocrx_word' id='word_1_269' title='bbox 277 3773 382 3824; x_wconf 87' lang='lat' dir='ltr'><strong>obscure</strong></span> <span class='ocrx_word' id='word_1_270' title='bbox 390 3773 598 3838; x_wconf 76' lang='lat' dir='ltr'><strong>colligimusexs.</strong></span> <span class='ocrx_word' id='word_1_271' title='bbox 607 3774 745 3827; x_wconf 83' lang='lat' dir='ltr'><strong>iunocentii</strong></span> <span class='ocrx_word' id='word_1_272' title='bbox 752 3773 835 3838; x_wconf 85' lang='lat' dir='ltr'><strong>1.,qui</strong></span> <span class='ocrx_word' id='word_1_273' title='bbox 844 3769 1160 3825; x_wconf 71' lang='lat' dir='ltr'><strong>tornutiumtoeroan.</strong></span> <span class='ocrx_word' id='word_1_274' title='bbox 1170 3771 1237 3831; x_wconf 74' lang='lat'><strong>417,</strong></span> 
     </span>
     <span class='ocr_line' id='line_1_35' title="bbox 117 3848 1238 3919; baseline -0.003 -16"><span class='ocrx_word' id='word_1_275' title='bbox 117 3854 219 3918; x_wconf 81' lang='lat' dir='ltr'><strong>epistole</strong></span> <span class='ocrx_word' id='word_1_276' title='bbox 230 3853 262 3904; x_wconf 89' lang='lat' dir='ltr'><strong>ed</strong></span> <span class='ocrx_word' id='word_1_277' title='bbox 273 3855 434 3918; x_wconf 81' lang='lat' dir='ltr'><strong>Decentium,</strong></span> <span class='ocrx_word' id='word_1_278' title='bbox 445 3855 470 3905; x_wconf 90' lang='lat' dir='ltr'><strong>in</strong></span> <span class='ocrx_word' id='word_1_279' title='bbox 482 3869 532 3919; x_wconf 82' lang='lat' dir='ltr'><strong>qne</strong></span> <span class='ocrx_word' id='word_1_280' title='bbox 542 3855 640 3907; x_wconf 85' lang='lat' dir='ltr'><strong>scribit:</strong></span> <span class='ocrx_word' id='word_1_281' title='bbox 652 3855 701 3905; x_wconf 80' lang='lat' dir='ltr'><strong>«st</strong></span> <span class='ocrx_word' id='word_1_282' title='bbox 712 3854 825 3905; x_wconf 79' lang='lat' dir='ltr'><strong>tmctute</strong></span> <span class='ocrx_word' id='word_1_283' title='bbox 839 3852 1015 3917; x_wconf 75' lang='lat' dir='ltr'><strong>ecclesiastice,</strong></span> <span class='ocrx_word' id='word_1_284' title='bbox 1025 3853 1054 3903; x_wconf 89' lang='lat' dir='ltr'><strong>ut</strong></span> <span class='ocrx_word' id='word_1_285' title='bbox 1062 3851 1145 3902; x_wconf 77' lang='lat' dir='ltr'><strong>mute</strong></span> <span class='ocrx_word' id='word_1_286' title='bbox 1156 3848 1238 3900; x_wconf 70' lang='lat' dir='ltr'><strong>teto</strong></span> 
     </span>
     <span class='ocr_line' id='line_1_36' title="bbox 118 3929 1236 3999; baseline -0.005 -15"><span class='ocrx_word' id='word_1_287' title='bbox 118 3934 243 3997; x_wconf 81' lang='lat' dir='ltr'><strong>apostolis</strong></span> <span class='ocrx_word' id='word_1_288' title='bbox 252 3933 356 3985; x_wconf 77' lang='lat' dir='ltr'><strong>tradite</strong></span> <span class='ocrx_word' id='word_1_289' title='bbox 369 3935 464 3999; x_wconf 77' lang='lat' dir='ltr'><strong>integre</strong></span> <span class='ocrx_word' id='word_1_290' title='bbox 473 3936 564 3986; x_wconf 83' lang='lat' dir='ltr'><strong>vellent</strong></span> <span class='ocrx_word' id='word_1_291' title='bbox 575 3947 673 3986; x_wconf 81' lang='lat' dir='ltr'><strong>seruere</strong></span> <span class='ocrx_word' id='word_1_292' title='bbox 687 3933 781 3986; x_wconf 73' lang='lat' dir='ltr'><strong>domim</strong></span> <span class='ocrx_word' id='word_1_293' title='bbox 789 3932 941 3997; x_wconf 79' lang='lat' dir='ltr'><strong>secerdotes,</strong></span> <span class='ocrx_word' id='word_1_294' title='bbox 954 3933 1022 3985; x_wconf 85' lang='lat' dir='ltr'><strong>nuile</strong></span> <span class='ocrx_word' id='word_1_295' title='bbox 1033 3930 1164 3983; x_wconf 74' lang='lat' dir='ltr'><strong>dismsites</strong></span> <span class='ocrx_word' id='word_1_296' title='bbox 1172 3929 1236 3979; x_wconf 75' lang='lat' dir='ltr'><strong>stc.»</strong></span> 
     </span>
     <span class='ocr_line' id='line_1_37' title="bbox 116 4007 1236 4077; baseline -0.004 -15"><span class='ocrx_word' id='word_1_297' title='bbox 116 4015 140 4062; x_wconf 87' lang='lat' dir='ltr'><strong>et</strong></span> <span class='ocrx_word' id='word_1_298' title='bbox 148 4013 224 4076; x_wconf 81' lang='lat' dir='ltr'><strong>persio</strong></span> <span class='ocrx_word' id='word_1_299' title='bbox 234 4015 303 4075; x_wconf 83' lang='lat' dir='ltr'><strong>post:</strong></span> <span class='ocrx_word' id='word_1_300' title='bbox 315 4034 328 4056; x_wconf 78' lang='grc' dir='ltr'><strong>«ι</strong></span> <span class='ocrx_word' id='word_1_301' title='bbox 334 4012 396 4072; x_wconf 88' lang='lat' dir='ltr'><strong>Quis</strong></span> <span class='ocrx_word' id='word_1_302' title='bbox 405 4013 470 4064; x_wconf 87' lang='lat' dir='ltr'><strong>enim</strong></span> <span class='ocrx_word' id='word_1_303' title='bbox 480 4015 573 4064; x_wconf 85' lang='lat' dir='ltr'><strong>nesciet</strong></span> <span class='ocrx_word' id='word_1_304' title='bbox 581 4016 623 4064; x_wconf 87' lang='lat' dir='ltr'><strong>eut</strong></span> <span class='ocrx_word' id='word_1_305' title='bbox 631 4026 682 4063; x_wconf 86' lang='lat' dir='ltr'><strong>non</strong></span> <span class='ocrx_word' id='word_1_306' title='bbox 691 4013 817 4075; x_wconf 73' lang='lat' dir='ltr'><strong>advertet,</strong></span> <span class='ocrx_word' id='word_1_307' title='bbox 828 4011 896 4076; x_wconf 80' lang='lat' dir='ltr'><strong>quot</strong></span> <span class='ocrx_word' id='word_1_308' title='bbox 905 4013 1049 4077; x_wconf 82' lang='lat' dir='ltr'><strong>aprtcctpc</strong></span> <span class='ocrx_word' id='word_1_309' title='bbox 1057 4007 1236 4074; x_wconf 67' lang='lat' dir='ltr'><strong>apostotorum</strong></span> 
     </span>
     <span class='ocr_line' id='line_1_38' title="bbox 118 4081 1237 4156; baseline -0.005 -13"><span class='ocrx_word' id='word_1_310' title='bbox 118 4095 198 4144; x_wconf 80' lang='lat' dir='ltr'><strong>Petro</strong></span> <span class='ocrx_word' id='word_1_311' title='bbox 215 4105 341 4144; x_wconf 80' lang='lat' dir='ltr'><strong>rmncnce</strong></span> <span class='ocrx_word' id='word_1_312' title='bbox 356 4094 478 4146; x_wconf 75' lang='lat' dir='ltr'><strong>molestae</strong></span> <span class='ocrx_word' id='word_1_313' title='bbox 496 4093 625 4147; x_wconf 80' lang='lat' dir='ltr'><strong>trodttsst</strong></span> <span class='ocrx_word' id='word_1_314' title='bbox 643 4097 697 4155; x_wconf 82' lang='lat' dir='ltr'><strong>est,</strong></span> <span class='ocrx_word' id='word_1_315' title='bbox 709 4106 738 4143; x_wconf 87' lang='lat' dir='ltr'><strong>ec</strong></span> <span class='ocrx_word' id='word_1_316' title='bbox 750 4106 815 4143; x_wconf 85' lang='lat' dir='ltr'><strong>nunc</strong></span> <span class='ocrx_word' id='word_1_317' title='bbox 827 4105 905 4156; x_wconf 81' lang='lat' dir='ltr'><strong>usqrre</strong></span> <span class='ocrx_word' id='word_1_318' title='bbox 917 4091 1057 4142; x_wconf 82' lang='lat' dir='ltr'><strong>custoditur</strong></span> <span class='ocrx_word' id='word_1_319' title='bbox 1075 4087 1107 4143; x_wconf 83' lang='lat' dir='ltr'><strong>eb</strong></span> <span class='ocrx_word' id='word_1_320' title='bbox 1122 4081 1237 4138; x_wconf 85' lang='lat' dir='ltr'><strong>omnibns</strong></span> 
     </span>
     <span class='ocr_line' id='line_1_39' title="bbox 120 4169 1235 4239; baseline -0.005 -15"><span class='ocrx_word' id='word_1_321' title='bbox 120 4172 208 4224; x_wconf 82' lang='lat' dir='ltr'><strong>debere</strong></span> <span class='ocrx_word' id='word_1_322' title='bbox 224 4175 334 4226; x_wconf 75' lang='lat' dir='ltr'><strong>servent</strong></span> <span class='ocrx_word' id='word_1_323' title='bbox 343 4177 412 4233; x_wconf 89' lang='lat' dir='ltr'><strong>Quee</strong></span> <span class='ocrx_word' id='word_1_324' title='bbox 422 4176 568 4227; x_wconf 82' lang='lat' dir='ltr'><strong>confirment</strong></span> <span class='ocrx_word' id='word_1_325' title='bbox 578 4175 659 4239; x_wconf 85' lang='lat' dir='ltr'><strong>quoad</strong></span> <span class='ocrx_word' id='word_1_326' title='bbox 670 4174 831 4226; x_wconf 85' lang='lat' dir='ltr'><strong>substentiem</strong></span> <span class='ocrx_word' id='word_1_327' title='bbox 841 4171 984 4223; x_wconf 87' lang='lat' dir='ltr'><strong>huiusmodi</strong></span> <span class='ocrx_word' id='word_1_328' title='bbox 996 4169 1195 4232; x_wconf 74' lang='lat' dir='ltr'><strong>sacramentaria,</strong></span> <span class='ocrx_word' id='word_1_329' title='bbox 1206 4180 1235 4218; x_wconf 88' lang='lat' dir='ltr'><strong>ec</strong></span> 
     </span>
     <span class='ocr_line' id='line_1_40' title="bbox 119 4248 1236 4318; baseline -0.005 -14"><span class='ocrx_word' id='word_1_330' title='bbox 119 4253 221 4316; x_wconf 86' lang='lat' dir='ltr'><strong>prolude</strong></span> <span class='ocrx_word' id='word_1_331' title='bbox 231 4267 296 4318; x_wconf 86' lang='lat' dir='ltr'><strong>quse</strong></span> <span class='ocrx_word' id='word_1_332' title='bbox 306 4253 340 4304; x_wconf 90' lang='lat' dir='ltr'><strong>ibi</strong></span> <span class='ocrx_word' id='word_1_333' title='bbox 349 4256 481 4306; x_wconf 84' lang='lat' dir='ltr'><strong>constitute</strong></span> <span class='ocrx_word' id='word_1_334' title='bbox 491 4256 549 4306; x_wconf 87' lang='lat' dir='ltr'><strong>sunt</strong></span> <span class='ocrx_word' id='word_1_335' title='bbox 559 4255 625 4304; x_wconf 87' lang='lat' dir='ltr'><strong>circe</strong></span> <span class='ocrx_word' id='word_1_336' title='bbox 635 4255 709 4306; x_wconf 87' lang='lat' dir='ltr'><strong>ritum</strong></span> <span class='ocrx_word' id='word_1_337' title='bbox 726 4254 883 4317; x_wconf 78' lang='lat' dir='ltr'><strong>nuptiarum,</strong></span> <span class='ocrx_word' id='word_1_338' title='bbox 899 4256 926 4301; x_wconf 90' lang='lat' dir='ltr'><strong>ut</strong></span> <span class='ocrx_word' id='word_1_339' title='bbox 938 4249 1101 4311; x_wconf 78' lang='lat' dir='ltr'><strong>recrementi,</strong></span> <span class='ocrx_word' id='word_1_340' title='bbox 1118 4248 1236 4312; x_wconf 75' lang='lat' dir='ltr'><strong>origimn</strong></span> 
     </span>
     <span class='ocr_line' id='line_1_41' title="bbox 119 4332 755 4398; baseline -0.002 -16"><span class='ocrx_word' id='word_1_341' title='bbox 119 4332 208 4384; x_wconf 82' lang='lat' dir='ltr'><strong>hebere</strong></span> <span class='ocrx_word' id='word_1_342' title='bbox 219 4333 416 4397; x_wconf 82' lang='lat' dir='ltr'><strong>entiquissimem</strong></span> <span class='ocrx_word' id='word_1_343' title='bbox 427 4335 501 4398; x_wconf 76' lang='lat' dir='ltr'><strong>etque</strong></span> <span class='ocrx_word' id='word_1_344' title='bbox 511 4332 573 4385; x_wconf 79' lang='lat' dir='ltr'><strong>utico</strong></span> <span class='ocrx_word' id='word_1_345' title='bbox 583 4333 755 4397; x_wconf 72' lang='lat' dir='ltr'><strong>apostolicam.</strong></span> 
     </span>
    </p>
   </div>
   <div class='ocr_carea' id='block_1_3' title="bbox 0 0 1442 5062">
    <p class='ocr_par' dir='ltr' id='par_1_7' title="bbox 0 0 1442 5062">
     <span class='ocr_line' id='line_1_42' title="bbox 0 0 1442 5062; baseline 0 0"><span class='ocrx_word' id='word_1_346' title='bbox 0 0 1442 5062; x_wconf 95' lang='lat' dir='ltr'><strong> </strong></span> 
     </span>
    </p>
   </div>
  </div>
 </body>
</html>
