<?xml version="1.0" encoding="UTF-8"?>
<!DOCTYPE html PUBLIC "-//W3C//DTD XHTML 1.0 Transitional//EN"
    "http://www.w3.org/TR/xhtml1/DTD/xhtml1-transitional.dtd">
<html xmlns="http://www.w3.org/1999/xhtml" xml:lang="en" lang="en">
 <head>
  <title>
</title>
<meta http-equiv="Content-Type" content="text/html;charset=utf-8" />
  <meta name='ocr-system' content='tesseract 3.04.00' />
  <meta name='ocr-capabilities' content='ocr_page ocr_carea ocr_par ocr_line ocrx_word'/>
</head>
<body>
  <div class='ocr_page' id='page_1' title='image "./dematrimoniochr00perrgoog_0073.png"; bbox 0 0 2872 5062; ppageno 0'>
   <div class='ocr_carea' id='block_1_1' title="bbox 158 355 1073 425">
    <p class='ocr_par' dir='ltr' id='par_1_1' title="bbox 158 355 1073 425">
     <span class='ocr_line' id='line_1_1' title="bbox 158 355 1073 425; baseline -0.011 0"><span class='ocrx_word' id='word_1_1' title='bbox 158 355 202 425; x_wconf 83' lang='lat' dir='ltr'><strong>io</strong></span> <span class='ocrx_word' id='word_1_2' title='bbox 359 370 420 420; x_wconf 82' lang='grc' dir='ltr'>ιιι.</span> <span class='ocrx_word' id='word_1_3' title='bbox 443 370 467 419; x_wconf 94' lang='grc' dir='ltr'><strong>ι.</strong></span> <span class='ocrx_word' id='word_1_4' title='bbox 488 368 575 420; x_wconf 82' lang='lat' dir='ltr'><strong>saar.</strong></span> <span class='ocrx_word' id='word_1_5' title='bbox 595 368 617 416; x_wconf 87' lang='lat'><strong>1.</strong></span> <span class='ocrx_word' id='word_1_6' title='bbox 639 368 680 416; x_wconf 85' lang='lat' dir='ltr'><strong>oa</strong></span> <span class='ocrx_word' id='word_1_7' title='bbox 705 366 837 417; x_wconf 77' lang='grc' dir='ltr'>ιιιιιιιι.</span> <span class='ocrx_word' id='word_1_8' title='bbox 859 366 1073 417; x_wconf 80' lang='lat' dir='ltr'><strong>suamunuro.</strong></span> 
     </span>
    </p>
   </div>
   <div class='ocr_carea' id='block_1_2' title="bbox 137 484 1295 3464">
    <p class='ocr_par' dir='ltr' id='par_1_2' title="bbox 137 484 1295 1734">
     <span class='ocr_line' id='line_1_2' title="bbox 156 484 1289 590; baseline -0.005 -25"><span class='ocrx_word' id='word_1_9' title='bbox 156 491 339 590; x_wconf 76' lang='lat' dir='ltr'><strong>theoloqicis</strong></span> <span class='ocrx_word' id='word_1_10' title='bbox 363 487 512 585; x_wconf 76' lang='lat' dir='ltr'><strong>vulgavit</strong></span> <span class='ocrx_word' id='word_1_11' title='bbox 536 512 591 558; x_wconf 91' lang='lat' dir='ltr'><strong>an.</strong></span> <span class='ocrx_word' id='word_1_12' title='bbox 609 486 721 573; x_wconf 79' lang='lat' dir='ltr'><strong>itai,</strong></span> <span class='ocrx_word' id='word_1_13' title='bbox 744 500 802 557; x_wconf 89' lang='lat' dir='ltr'><strong>aut</strong></span> <span class='ocrx_word' id='word_1_14' title='bbox 824 486 917 557; x_wconf 75' lang='lat' dir='ltr'><strong>itas</strong></span> <span class='ocrx_word' id='word_1_15' title='bbox 946 487 1010 580; x_wconf 82' lang='lat'><strong>(2).</strong></span> <span class='ocrx_word' id='word_1_16' title='bbox 1028 484 1100 558; x_wconf 86' lang='lat' dir='ltr'><strong>Hoc</strong></span> <span class='ocrx_word' id='word_1_17' title='bbox 1118 486 1289 585; x_wconf 67' lang='lat' dir='ltr'><strong>inopem·</strong></span> 
     </span>
     <span class='ocr_line' id='line_1_3' title="bbox 155 601 1273 700; baseline -0.004 -18"><span class='ocrx_word' id='word_1_18' title='bbox 155 609 199 682; x_wconf 85' lang='lat' dir='ltr'><strong>al.</strong></span> <span class='ocrx_word' id='word_1_19' title='bbox 216 621 332 680; x_wconf 83' lang='lat' dir='ltr'><strong>auctor</strong></span> <span class='ocrx_word' id='word_1_20' title='bbox 348 604 408 677; x_wconf 78' lang='lat' dir='ltr'><strong>lib:</strong></span> <span class='ocrx_word' id='word_1_21' title='bbox 423 603 510 675; x_wconf 83' lang='lat' dir='ltr'><strong>vill.</strong></span> <span class='ocrx_word' id='word_1_22' title='bbox 526 627 602 700; x_wconf 89' lang='lat' dir='ltr'><strong>cap.</strong></span> <span class='ocrx_word' id='word_1_23' title='bbox 618 601 656 672; x_wconf 88' lang='lat' dir='ltr'><strong>V.</strong></span> <span class='ocrx_word' id='word_1_24' title='bbox 673 616 762 674; x_wconf 89' lang='lat' dir='ltr'><strong>totus</strong></span> <span class='ocrx_word' id='word_1_25' title='bbox 783 601 817 672; x_wconf 91' lang='lat' dir='ltr'><strong>in</strong></span> <span class='ocrx_word' id='word_1_26' title='bbox 838 626 878 674; x_wconf 91' lang='lat' dir='ltr'><strong>eo</strong></span> <span class='ocrx_word' id='word_1_27' title='bbox 899 617 965 688; x_wconf 91' lang='lat' dir='ltr'><strong>est,</strong></span> <span class='ocrx_word' id='word_1_28' title='bbox 991 617 1030 674; x_wconf 97' lang='grc' dir='ltr'><strong>ιιι</strong></span> <span class='ocrx_word' id='word_1_29' title='bbox 1049 601 1182 676; x_wconf 71' lang='lat' dir='ltr'><strong>evincat</strong></span> <span class='ocrx_word' id='word_1_30' title='bbox 1205 629 1273 678; x_wconf 90' lang='lat' dir='ltr'><strong>non</strong></span> 
     </span>
     <span class='ocr_line' id='line_1_4' title="bbox 158 715 1274 816; baseline -0.002 -22"><span class='ocrx_word' id='word_1_31' title='bbox 158 722 262 795; x_wconf 90' lang='lat' dir='ltr'><strong>alium</strong></span> <span class='ocrx_word' id='word_1_32' title='bbox 287 719 390 792; x_wconf 89' lang='lat' dir='ltr'><strong>buius</strong></span> <span class='ocrx_word' id='word_1_33' title='bbox 416 715 616 791; x_wconf 81' lang='lat' dir='ltr'><strong>sacramenti</strong></span> <span class='ocrx_word' id='word_1_34' title='bbox 639 715 830 788; x_wconf 87' lang='lat' dir='ltr'><strong>ministrum</strong></span> <span class='ocrx_word' id='word_1_35' title='bbox 858 740 955 801; x_wconf 90' lang='lat' dir='ltr'><strong>essa,</strong></span> <span class='ocrx_word' id='word_1_36' title='bbox 984 729 1145 789; x_wconf 79' lang='lat' dir='ltr'><strong>nutasse</strong></span> <span class='ocrx_word' id='word_1_37' title='bbox 1169 743 1274 816; x_wconf 88' lang='lat' dir='ltr'><strong>posse</strong></span> 
     </span>
     <span class='ocr_line' id='line_1_5' title="bbox 142 829 1272 936; baseline -0.004 -28"><span class='ocrx_word' id='word_1_38' title='bbox 142 853 288 936; x_wconf 81' lang='lat' dir='ltr'><strong>&#39;praeter</strong></span> <span class='ocrx_word' id='word_1_39' title='bbox 317 860 423 909; x_wconf 91' lang='lat' dir='ltr'><strong>unum</strong></span> <span class='ocrx_word' id='word_1_40' title='bbox 456 829 682 919; x_wconf 89' lang='lat' dir='ltr'><strong>sacerdotem,</strong></span> <span class='ocrx_word' id='word_1_41' title='bbox 711 830 771 928; x_wconf 91' lang='lat' dir='ltr'><strong>qni</strong></span> <span class='ocrx_word' id='word_1_42' title='bbox 800 829 1035 903; x_wconf 87' lang='lat' dir='ltr'><strong>benedictione</strong></span> <span class='ocrx_word' id='word_1_43' title='bbox 1068 831 1272 926; x_wconf 74' lang='lat' dir='ltr'><strong>christianas</strong></span> 
     </span>
     <span class='ocr_line' id='line_1_6' title="bbox 155 935 1275 1048; baseline -0.004 -23"><span class='ocrx_word' id='word_1_44' title='bbox 155 935 316 1048; x_wconf 79' lang='lat' dir='ltr'><strong>coniuges</strong></span> <span class='ocrx_word' id='word_1_45' title='bbox 339 973 436 1022; x_wconf 88' lang='lat' dir='ltr'><strong>sacro</strong></span> <span class='ocrx_word' id='word_1_46' title='bbox 463 945 595 1019; x_wconf 87' lang='lat' dir='ltr'><strong>loedere</strong></span> <span class='ocrx_word' id='word_1_47' title='bbox 618 944 771 1042; x_wconf 88' lang='lat' dir='ltr'><strong>copulat,</strong></span> <span class='ocrx_word' id='word_1_48' title='bbox 792 969 975 1042; x_wconf 86' lang='lat' dir='ltr'><strong>eorumque</strong></span> <span class='ocrx_word' id='word_1_49' title='bbox 992 969 1196 1018; x_wconf 86' lang='lat' dir='ltr'><strong>consensum</strong></span> <span class='ocrx_word' id='word_1_50' title='bbox 1214 966 1275 1021; x_wconf 86' lang='lat' dir='ltr'><strong>seu</strong></span> 
     </span>
     <span class='ocr_line' id='line_1_7' title="bbox 156 1059 1275 1158; baseline -0.002 -19"><span class='ocrx_word' id='word_1_51' title='bbox 156 1079 362 1141; x_wconf 88' lang='lat' dir='ltr'><strong>contractum</strong></span> <span class='ocrx_word' id='word_1_52' title='bbox 388 1062 498 1135; x_wconf 77' lang='lat' dir='ltr'><strong>eleuat</strong></span> <span class='ocrx_word' id='word_1_53' title='bbox 522 1061 565 1133; x_wconf 90' lang='lat' dir='ltr'><strong>ad</strong></span> <span class='ocrx_word' id='word_1_54' title='bbox 595 1061 792 1158; x_wconf 77' lang='lat' dir='ltr'><strong>dignitatem</strong></span> <span class='ocrx_word' id='word_1_55' title='bbox 815 1059 1040 1147; x_wconf 81' lang='lat' dir='ltr'>sacramenti,</span> <span class='ocrx_word' id='word_1_56' title='bbox 1067 1061 1211 1155; x_wconf 81' lang='lat' dir='ltr'><strong>gratiam</strong></span> <span class='ocrx_word' id='word_1_57' title='bbox 1235 1089 1275 1137; x_wconf 83' lang='lat' dir='ltr'><strong>ex</strong></span> 
     </span>
     <span class='ocr_line' id='line_1_8' title="bbox 156 1156 1276 1280; baseline -0.004 -25"><span class='ocrx_word' id='word_1_58' title='bbox 156 1207 258 1280; x_wconf 86' lang='lat' dir='ltr'><strong>opere</strong></span> <span class='ocrx_word' id='word_1_59' title='bbox 282 1194 420 1279; x_wconf 87' lang='lat' dir='ltr'><strong>operato</strong></span> <span class='ocrx_word' id='word_1_60' title='bbox 445 1176 678 1275; x_wconf 89' lang='lat' dir='ltr'><strong>impertiendo.</strong></span> <span class='ocrx_word' id='word_1_61' title='bbox 701 1175 800 1261; x_wconf 82' lang='lat' dir='ltr'><strong>Quod</strong></span> <span class='ocrx_word' id='word_1_62' title='bbox 823 1160 905 1249; x_wconf 84' lang='lat' dir='ltr'><strong>vero</strong></span> <span class='ocrx_word' id='word_1_63' title='bbox 923 1175 1040 1248; x_wconf 79' lang='lat' dir='ltr'><strong>attinet</strong></span> <span class='ocrx_word' id='word_1_64' title='bbox 1059 1175 1102 1248; x_wconf 87' lang='lat' dir='ltr'><strong>ad</strong></span> <span class='ocrx_word' id='word_1_65' title='bbox 1117 1156 1276 1276; x_wconf 72' lang='lat' dir='ltr'><strong>inuptiale</strong></span> 
     </span>
     <span class='ocr_line' id='line_1_9' title="bbox 157 1290 1273 1392; baseline -0.003 -23"><span class='ocrx_word' id='word_1_66' title='bbox 157 1296 276 1371; x_wconf 81' lang='lat' dir='ltr'><strong>foedus</strong></span> <span class='ocrx_word' id='word_1_67' title='bbox 302 1293 538 1392; x_wconf 85' lang='lat' dir='ltr'><strong>quodcumque</strong></span> <span class='ocrx_word' id='word_1_68' title='bbox 557 1292 632 1366; x_wconf 89' lang='lat' dir='ltr'><strong>sine</strong></span> <span class='ocrx_word' id='word_1_69' title='bbox 653 1290 852 1365; x_wconf 88' lang='lat' dir='ltr'><strong>sacerdotali</strong></span> <span class='ocrx_word' id='word_1_70' title='bbox 876 1290 1108 1364; x_wconf 91' lang='lat' dir='ltr'><strong>benedictione</strong></span> <span class='ocrx_word' id='word_1_71' title='bbox 1132 1292 1273 1383; x_wconf 87' lang='lat' dir='ltr'><strong>initum,</strong></span> 
     </span>
     <span class='ocr_line' id='line_1_10' title="bbox 157 1407 1274 1507; baseline -0.002 -23"><span class='ocrx_word' id='word_1_72' title='bbox 157 1412 201 1484; x_wconf 90' lang='lat' dir='ltr'><strong>ad</strong></span> <span class='ocrx_word' id='word_1_73' title='bbox 217 1436 347 1484; x_wconf 88' lang='lat' dir='ltr'><strong>merum</strong></span> <span class='ocrx_word' id='word_1_74' title='bbox 358 1407 544 1482; x_wconf 78' lang='lat' dir='ltr'><strong>naturalem</strong></span> <span class='ocrx_word' id='word_1_75' title='bbox 556 1407 756 1507; x_wconf 85' lang='lat' dir='ltr'><strong>civilemque</strong></span> <span class='ocrx_word' id='word_1_76' title='bbox 768 1421 974 1481; x_wconf 87' lang='lat' dir='ltr'><strong>contractum</strong></span> <span class='ocrx_word' id='word_1_77' title='bbox 987 1407 1162 1481; x_wconf 83' lang='lat' dir='ltr'><strong>amandat.</strong></span> <span class='ocrx_word' id='word_1_78' title='bbox 1171 1409 1274 1482; x_wconf 85' lang='lat' dir='ltr'><strong>Suam</strong></span> 
     </span>
     <span class='ocr_line' id='line_1_11' title="bbox 137 1521 1276 1622; baseline 0.002 -25"><span class='ocrx_word' id='word_1_79' title='bbox 137 1525 246 1599; x_wconf 68' lang='lat' dir='ltr'><strong>&#39;banc</strong></span> <span class='ocrx_word' id='word_1_80' title='bbox 270 1523 470 1598; x_wconf 80' lang='lat' dir='ltr'><strong>sententiam</strong></span> <span class='ocrx_word' id='word_1_81' title='bbox 494 1524 569 1622; x_wconf 87' lang='lat' dir='ltr'><strong>ipse</strong></span> <span class='ocrx_word' id='word_1_82' title='bbox 593 1522 719 1622; x_wconf 89' lang='lat' dir='ltr'><strong>pariter</strong></span> <span class='ocrx_word' id='word_1_83' title='bbox 743 1521 918 1596; x_wconf 86' lang='lat' dir='ltr'><strong>Guilielmo</strong></span> <span class='ocrx_word' id='word_1_84' title='bbox 947 1522 1150 1622; x_wconf 84' lang='lat' dir='ltr'><strong>parisiensi,</strong></span> <span class='ocrx_word' id='word_1_85' title='bbox 1180 1525 1276 1599; x_wconf 72' lang='lat' dir='ltr'><strong>Potio</strong></span> 
     </span>
     <span class='ocr_line' id='line_1_12' title="bbox 160 1635 1295 1734; baseline -0.003 -25"><span class='ocrx_word' id='word_1_86' title='bbox 160 1638 354 1726; x_wconf 87' lang='lat' dir='ltr'><strong>Paludano,</strong></span> <span class='ocrx_word' id='word_1_87' title='bbox 379 1638 481 1711; x_wconf 92' lang='lat' dir='ltr'><strong>immo</strong></span> <span class='ocrx_word' id='word_1_88' title='bbox 505 1663 584 1711; x_wconf 81' lang='lat' dir='ltr'><strong>vero</strong></span> <span class='ocrx_word' id='word_1_89' title='bbox 609 1652 643 1710; x_wconf 91' lang='lat' dir='ltr'><strong>et</strong></span> <span class='ocrx_word' id='word_1_90' title='bbox 665 1636 734 1734; x_wconf 90' lang='lat' dir='ltr'><strong>ipsi</strong></span> <span class='ocrx_word' id='word_1_91' title='bbox 755 1663 784 1710; x_wconf 89' lang='lat' dir='ltr'><strong>s.</strong></span> <span class='ocrx_word' id='word_1_92' title='bbox 803 1636 950 1710; x_wconf 81' lang='lat' dir='ltr'><strong>Thomas</strong></span> <span class='ocrx_word' id='word_1_93' title='bbox 973 1635 1102 1709; x_wconf 83' lang='lat' dir='ltr'><strong>tribuit.</strong></span> <span class='ocrx_word' id='word_1_94' title='bbox 1210 1669 1295 1706; x_wconf 76' lang='grc' dir='ltr'><strong>ι</strong></span> 
     </span>
    </p>

    <p class='ocr_par' dir='ltr' id='par_1_3' title="bbox 158 1741 1291 2990">
     <span class='ocr_line' id='line_1_13' title="bbox 232 1741 1291 1852; baseline -0.002 -28"><span class='ocrx_word' id='word_1_95' title='bbox 232 1752 294 1827; x_wconf 83' lang='lat' dir='ltr'><strong>Ast</strong></span> <span class='ocrx_word' id='word_1_96' title='bbox 317 1778 521 1851; x_wconf 79' lang='lat' dir='ltr'><strong>perperam3</strong></span> <span class='ocrx_word' id='word_1_97' title='bbox 553 1751 720 1850; x_wconf 90' lang='lat' dir='ltr'><strong>siquidem</strong></span> <span class='ocrx_word' id='word_1_98' title='bbox 746 1750 810 1824; x_wconf 90' lang='lat' dir='ltr'><strong>etsi</strong></span> <span class='ocrx_word' id='word_1_99' title='bbox 835 1749 1033 1823; x_wconf 87' lang='lat' dir='ltr'><strong>Guilielmus</strong></span> <span class='ocrx_word' id='word_1_100' title='bbox 1065 1741 1291 1852; x_wconf 54' lang='lat' dir='ltr'><strong>summopere¹</strong></span> 
     </span>
     <span class='ocr_line' id='line_1_14' title="bbox 161 1865 1276 1964; baseline -0.001 -21"><span class='ocrx_word' id='word_1_101' title='bbox 161 1867 373 1943; x_wconf 86' lang='lat' dir='ltr'><strong>commendet</strong></span> <span class='ocrx_word' id='word_1_102' title='bbox 403 1867 667 1941; x_wconf 71' lang='lat' dir='ltr'><strong>benedictionem</strong></span> <span class='ocrx_word' id='word_1_103' title='bbox 704 1865 946 1939; x_wconf 88' lang='lat' dir='ltr'><strong>sacerdotalem</strong></span> <span class='ocrx_word' id='word_1_104' title='bbox 975 1865 1011 1937; x_wconf 92' lang='lat' dir='ltr'><strong>in</strong></span> <span class='ocrx_word' id='word_1_105' title='bbox 1035 1865 1165 1964; x_wconf 87' lang='lat' dir='ltr'><strong>nuptiis</strong></span> <span class='ocrx_word' id='word_1_106' title='bbox 1189 1867 1276 1942; x_wconf 76' lang='lat' dir='ltr'><strong>&#39;eale-</strong></span> 
     </span>
     <span class='ocr_line' id='line_1_15' title="bbox 159 1981 1274 2069; baseline 0.001 -14"><span class='ocrx_word' id='word_1_107' title='bbox 159 1983 318 2069; x_wconf 87' lang='lat' dir='ltr'><strong>brandis,</strong></span> <span class='ocrx_word' id='word_1_108' title='bbox 342 1999 488 2056; x_wconf 82' lang='lat' dir='ltr'><strong>attamen</strong></span> <span class='ocrx_word' id='word_1_109' title='bbox 505 2008 580 2056; x_wconf 89' lang='lat' dir='ltr'><strong>eam</strong></span> <span class='ocrx_word' id='word_1_110' title='bbox 596 2007 663 2054; x_wconf 89' lang='lat' dir='ltr'><strong>non</strong></span> <span class='ocrx_word' id='word_1_111' title='bbox 680 1981 785 2055; x_wconf 89' lang='lat' dir='ltr'><strong>babet</strong></span> <span class='ocrx_word' id='word_1_112' title='bbox 799 1982 847 2054; x_wconf 92' lang='lat' dir='ltr'><strong>uti</strong></span> <span class='ocrx_word' id='word_1_113' title='bbox 865 1981 1080 2055; x_wconf 85' lang='lat' dir='ltr'><strong>essentialem</strong></span> <span class='ocrx_word' id='word_1_114' title='bbox 1096 1981 1141 2055; x_wconf 88' lang='lat' dir='ltr'><strong>ad</strong></span> <span class='ocrx_word' id='word_1_115' title='bbox 1157 2008 1274 2056; x_wconf 80' lang='lat' dir='ltr'><strong>verum</strong></span> 
     </span>
     <span class='ocr_line' id='line_1_16' title="bbox 158 2098 1277 2196; baseline 0 -25"><span class='ocrx_word' id='word_1_116' title='bbox 158 2098 434 2172; x_wconf 88' lang='lat' dir='ltr'><strong>constituendum</strong></span> <span class='ocrx_word' id='word_1_117' title='bbox 466 2099 678 2196; x_wconf 81' lang='lat' dir='ltr'><strong>coniugium,</strong></span> <span class='ocrx_word' id='word_1_118' title='bbox 706 2113 740 2171; x_wconf 87' lang='lat' dir='ltr'><strong>et</strong></span> <span class='ocrx_word' id='word_1_119' title='bbox 761 2098 805 2170; x_wconf 91' lang='lat' dir='ltr'><strong>ad</strong></span> <span class='ocrx_word' id='word_1_120' title='bbox 827 2113 1072 2171; x_wconf 88' lang='lat' dir='ltr'><strong>sacramentum</strong></span> <span class='ocrx_word' id='word_1_121' title='bbox 1096 2098 1277 2172; x_wconf 75' lang='lat' dir='ltr'><strong>conficien-</strong></span> 
     </span>
     <span class='ocr_line' id='line_1_17' title="bbox 158 2213 1274 2314; baseline 0.004 -29"><span class='ocrx_word' id='word_1_122' title='bbox 158 2213 252 2287; x_wconf 91' lang='lat' dir='ltr'><strong>dum.</strong></span> <span class='ocrx_word' id='word_1_123' title='bbox 274 2215 360 2287; x_wconf 91' lang='lat' dir='ltr'><strong>Nam</strong></span> <span class='ocrx_word' id='word_1_124' title='bbox 380 2214 456 2313; x_wconf 88' lang='lat' dir='ltr'><strong>ipse</strong></span> <span class='ocrx_word' id='word_1_125' title='bbox 479 2231 593 2314; x_wconf 91' lang='lat' dir='ltr'><strong>aperte</strong></span> <span class='ocrx_word' id='word_1_126' title='bbox 618 2214 737 2287; x_wconf 85' lang='lat' dir='ltr'><strong>statuit</strong></span> <span class='ocrx_word' id='word_1_127' title='bbox 759 2213 954 2310; x_wconf 81' lang='lat' dir='ltr'><strong>coniugium</strong></span> <span class='ocrx_word' id='word_1_128' title='bbox 974 2229 1007 2286; x_wconf 88' lang='lat' dir='ltr'><strong>et</strong></span> <span class='ocrx_word' id='word_1_129' title='bbox 1026 2231 1274 2289; x_wconf 86' lang='lat' dir='ltr'><strong>sacramentum</strong></span> 
     </span>
     <span class='ocr_line' id='line_1_18' title="bbox 159 2327 1278 2429; baseline 0.004 -29"><span class='ocrx_word' id='word_1_130' title='bbox 159 2327 279 2402; x_wconf 88' lang='lat' dir='ltr'><strong>baberi</strong></span> <span class='ocrx_word' id='word_1_131' title='bbox 299 2355 360 2428; x_wconf 89' lang='lat' dir='ltr'><strong>per</strong></span> <span class='ocrx_word' id='word_1_132' title='bbox 383 2330 493 2404; x_wconf 90' lang='lat' dir='ltr'><strong>solum</strong></span> <span class='ocrx_word' id='word_1_133' title='bbox 514 2329 782 2403; x_wconf 87' lang='lat' dir='ltr'><strong>contrahentium</strong></span> <span class='ocrx_word' id='word_1_134' title='bbox 799 2354 1023 2416; x_wconf 91' lang='lat' dir='ltr'><strong>consensum,</strong></span> <span class='ocrx_word' id='word_1_135' title='bbox 1043 2355 1083 2402; x_wconf 84' lang='lat' dir='ltr'><strong>ex</strong></span> <span class='ocrx_word' id='word_1_136' title='bbox 1100 2356 1169 2428; x_wconf 88' lang='lat' dir='ltr'><strong>quo</strong></span> <span class='ocrx_word' id='word_1_137' title='bbox 1186 2345 1278 2429; x_wconf 84' lang='lat' dir='ltr'><strong>patet</strong></span> 
     </span>
     <span class='ocr_line' id='line_1_19' title="bbox 159 2441 1277 2542; baseline 0.004 -28"><span class='ocrx_word' id='word_1_138' title='bbox 159 2441 425 2517; x_wconf 85' lang='lat' dir='ltr'><strong>benedictionem</strong></span> <span class='ocrx_word' id='word_1_139' title='bbox 451 2443 495 2515; x_wconf 89' lang='lat' dir='ltr'><strong>ab</strong></span> <span class='ocrx_word' id='word_1_140' title='bbox 523 2469 563 2516; x_wconf 92' lang='lat' dir='ltr'><strong>eo</strong></span> <span class='ocrx_word' id='word_1_141' title='bbox 593 2443 718 2542; x_wconf 85' lang='lat' dir='ltr'><strong>requiri</strong></span> <span class='ocrx_word' id='word_1_142' title='bbox 743 2443 786 2514; x_wconf 90' lang='lat' dir='ltr'><strong>ad</strong></span> <span class='ocrx_word' id='word_1_143' title='bbox 811 2442 1065 2539; x_wconf 82' lang='lat' dir='ltr'><strong>integritatem,</strong></span> <span class='ocrx_word' id='word_1_144' title='bbox 1096 2459 1200 2542; x_wconf 87' lang='lat' dir='ltr'><strong>atqua</strong></span> <span class='ocrx_word' id='word_1_145' title='bbox 1228 2443 1277 2518; x_wconf 82' lang='lat' dir='ltr'><strong>nti</strong></span> 
     </span>
     <span class='ocr_line' id='line_1_20' title="bbox 160 2557 1276 2658; baseline 0.004 -30"><span class='ocrx_word' id='word_1_146' title='bbox 160 2583 286 2631; x_wconf 88' lang='lat' dir='ltr'><strong>meram</strong></span> <span class='ocrx_word' id='word_1_147' title='bbox 311 2559 587 2640; x_wconf 76' lang='lat' dir='ltr'><strong>convenientiam,</strong></span> <span class='ocrx_word' id='word_1_148' title='bbox 616 2574 654 2630; x_wconf 89' lang='lat' dir='ltr'><strong>nt</strong></span> <span class='ocrx_word' id='word_1_149' title='bbox 678 2557 793 2643; x_wconf 91' lang='lat' dir='ltr'><strong>ainnt;</strong></span> <span class='ocrx_word' id='word_1_150' title='bbox 821 2557 959 2631; x_wconf 91' lang='lat' dir='ltr'><strong>minime</strong></span> <span class='ocrx_word' id='word_1_151' title='bbox 979 2585 1058 2632; x_wconf 78' lang='lat' dir='ltr'><strong>vero</strong></span> <span class='ocrx_word' id='word_1_152' title='bbox 1076 2560 1127 2632; x_wconf 90' lang='lat' dir='ltr'><strong>uti</strong></span> <span class='ocrx_word' id='word_1_153' title='bbox 1148 2575 1276 2658; x_wconf 87' lang='lat' dir='ltr'><strong>partem</strong></span> 
     </span>
     <span class='ocr_line' id='line_1_21' title="bbox 160 2671 1277 2770; baseline 0.006 -29"><span class='ocrx_word' id='word_1_154' title='bbox 160 2671 376 2745; x_wconf 85' lang='lat' dir='ltr'><strong>essentialem</strong></span> <span class='ocrx_word' id='word_1_155' title='bbox 394 2699 462 2770; x_wconf 92' lang='lat' dir='ltr'><strong>qua</strong></span> <span class='ocrx_word' id='word_1_156' title='bbox 480 2688 727 2747; x_wconf 82' lang='lat' dir='ltr'><strong>sacramentum</strong></span> <span class='ocrx_word' id='word_1_157' title='bbox 744 2673 984 2762; x_wconf 83' lang='lat' dir='ltr'><strong>constituatur,</strong></span> <span class='ocrx_word' id='word_1_158' title='bbox 1001 2674 1051 2748; x_wconf 90' lang='lat' dir='ltr'><strong>uti</strong></span> <span class='ocrx_word' id='word_1_159' title='bbox 1064 2689 1197 2749; x_wconf 87' lang='lat' dir='ltr'><strong>constat</strong></span> <span class='ocrx_word' id='word_1_160' title='bbox 1207 2688 1277 2749; x_wconf 78' lang='lat' dir='ltr'><strong>tum</strong></span> 
     </span>
     <span class='ocr_line' id='line_1_22' title="bbox 161 2787 1277 2889; baseline 0.007 -32"><span class='ocrx_word' id='word_1_161' title='bbox 161 2809 201 2858; x_wconf 87' lang='lat' dir='ltr'><strong>ex</strong></span> <span class='ocrx_word' id='word_1_162' title='bbox 228 2787 414 2861; x_wconf 89' lang='lat' dir='ltr'><strong>rationibus</strong></span> <span class='ocrx_word' id='word_1_163' title='bbox 440 2814 526 2887; x_wconf 90' lang='lat' dir='ltr'><strong>quas</strong></span> <span class='ocrx_word' id='word_1_164' title='bbox 551 2787 704 2876; x_wconf 85' lang='lat' dir='ltr'><strong>adducit,</strong></span> <span class='ocrx_word' id='word_1_165' title='bbox 726 2788 955 2889; x_wconf 88' lang='lat' dir='ltr'><strong>exemplisque</strong></span> <span class='ocrx_word' id='word_1_166' title='bbox 972 2790 1097 2889; x_wconf 87' lang='lat' dir='ltr'><strong>quibus</strong></span> <span class='ocrx_word' id='word_1_167' title='bbox 1113 2791 1219 2864; x_wconf 86' lang='lat' dir='ltr'><strong>utitur</strong></span> <span class='ocrx_word' id='word_1_168' title='bbox 1234 2791 1277 2865; x_wconf 86' lang='lat' dir='ltr'><strong>ad</strong></span> 
     </span>
     <span class='ocr_line' id='line_1_23' title="bbox 161 2903 846 2990; baseline 0.007 -19"><span class='ocrx_word' id='word_1_169' title='bbox 161 2926 230 2973; x_wconf 87' lang='lat' dir='ltr'><strong>rem</strong></span> <span class='ocrx_word' id='word_1_170' title='bbox 257 2929 375 2990; x_wconf 90' lang='lat' dir='ltr'><strong>suam,</strong></span> <span class='ocrx_word' id='word_1_171' title='bbox 404 2918 474 2976; x_wconf 89' lang='lat' dir='ltr'><strong>tum</strong></span> <span class='ocrx_word' id='word_1_172' title='bbox 495 2929 535 2977; x_wconf 87' lang='lat' dir='ltr'><strong>ex</strong></span> <span class='ocrx_word' id='word_1_173' title='bbox 560 2903 721 2977; x_wconf 89' lang='lat' dir='ltr'><strong>orationis</strong></span> <span class='ocrx_word' id='word_1_174' title='bbox 747 2931 846 2977; x_wconf 86' lang='lat' dir='ltr'><strong>sene.</strong></span> 
     </span>
    </p>

    <p class='ocr_par' dir='ltr' id='par_1_4' title="bbox 159 3016 1277 3464">
     <span class='ocr_line' id='line_1_24' title="bbox 235 3016 1277 3106; baseline 0.004 -15"><span class='ocrx_word' id='word_1_175' title='bbox 235 3016 332 3103; x_wconf 87' lang='lat' dir='ltr'><strong>Quod</strong></span> <span class='ocrx_word' id='word_1_176' title='bbox 356 3035 394 3092; x_wconf 92' lang='lat' dir='ltr'><strong>ut</strong></span> <span class='ocrx_word' id='word_1_177' title='bbox 417 3019 611 3092; x_wconf 86' lang='lat' dir='ltr'><strong>evincamus</strong></span> <span class='ocrx_word' id='word_1_178' title='bbox 633 3077 640 3106; x_wconf 87' lang='lat'><strong>,</strong></span> <span class='ocrx_word' id='word_1_179' title='bbox 669 3020 753 3094; x_wconf 92' lang='lat' dir='ltr'><strong>satis</strong></span> <span class='ocrx_word' id='word_1_180' title='bbox 782 3020 880 3093; x_wconf 87' lang='lat' dir='ltr'><strong>nobis</strong></span> <span class='ocrx_word' id='word_1_181' title='bbox 904 3021 968 3093; x_wconf 86' lang='lat' dir='ltr'><strong>erit</strong></span> <span class='ocrx_word' id='word_1_182' title='bbox 998 3021 1101 3094; x_wconf 77' lang='lat' dir='ltr'><strong>verba</strong></span> <span class='ocrx_word' id='word_1_183' title='bbox 1125 3019 1277 3095; x_wconf 83' lang='lat' dir='ltr'><strong>eiusdem</strong></span> 
     </span>
     <span class='ocr_line' id='line_1_25' title="bbox 160 3134 1276 3232; baseline 0.005 -25"><span class='ocrx_word' id='word_1_184' title='bbox 160 3135 310 3207; x_wconf 88' lang='lat' dir='ltr'><strong>auctoris</strong></span> <span class='ocrx_word' id='word_1_185' title='bbox 325 3135 359 3205; x_wconf 91' lang='lat' dir='ltr'><strong>in</strong></span> <span class='ocrx_word' id='word_1_186' title='bbox 378 3134 526 3208; x_wconf 89' lang='lat' dir='ltr'><strong>medium</strong></span> <span class='ocrx_word' id='word_1_187' title='bbox 551 3135 689 3224; x_wconf 84' lang='lat' dir='ltr'><strong>afferre,</strong></span> <span class='ocrx_word' id='word_1_188' title='bbox 711 3151 750 3209; x_wconf 92' lang='grc' dir='ltr'><strong>ιιι</strong></span> <span class='ocrx_word' id='word_1_189' title='bbox 765 3136 838 3209; x_wconf 89' lang='lat' dir='ltr'><strong>eius</strong></span> <span class='ocrx_word' id='word_1_190' title='bbox 860 3161 1019 3232; x_wconf 79' lang='lat' dir='ltr'><strong>germana</strong></span> <span class='ocrx_word' id='word_1_191' title='bbox 1040 3135 1136 3209; x_wconf 86' lang='lat' dir='ltr'><strong>mens</strong></span> <span class='ocrx_word' id='word_1_192' title='bbox 1154 3136 1276 3213; x_wconf 81' lang='lat' dir='ltr'><strong>melius</strong></span> 
     </span>
     <span class='ocr_line' id='line_1_26' title="bbox 160 3248 1277 3351; baseline 0.005 -32"><span class='ocrx_word' id='word_1_193' title='bbox 160 3248 375 3346; x_wconf 82' lang='lat' dir='ltr'><strong>percipiatur.</strong></span> <span class='ocrx_word' id='word_1_194' title='bbox 406 3250 460 3324; x_wconf 88' lang='lat' dir='ltr'><strong>Sic</strong></span> <span class='ocrx_word' id='word_1_195' title='bbox 490 3250 592 3347; x_wconf 80' lang='lat' dir='ltr'><strong>igitur</strong></span> <span class='ocrx_word' id='word_1_196' title='bbox 621 3250 738 3325; x_wconf 89' lang='lat' dir='ltr'><strong>scribit</strong></span> <span class='ocrx_word' id='word_1_197' title='bbox 769 3250 966 3324; x_wconf 87' lang='lat' dir='ltr'><strong>Guilielmus</strong></span> <span class='ocrx_word' id='word_1_198' title='bbox 1003 3252 1038 3323; x_wconf 94' lang='lat' dir='ltr'><strong>in</strong></span> <span class='ocrx_word' id='word_1_199' title='bbox 1075 3277 1194 3351; x_wconf 87' lang='lat' dir='ltr'><strong>opusc.</strong></span> <span class='ocrx_word' id='word_1_200' title='bbox 1229 3255 1277 3326; x_wconf 65' lang='lat' dir='ltr'><strong>de</strong></span> 
     </span>
     <span class='ocr_line' id='line_1_27' title="bbox 159 3364 1277 3464; baseline 0.006 -30"><span class='ocrx_word' id='word_1_201' title='bbox 159 3364 366 3436; x_wconf 79' lang='lat' dir='ltr'><strong>matrimonio</strong></span> <span class='ocrx_word' id='word_1_202' title='bbox 384 3391 460 3464; x_wconf 86' lang='lat' dir='ltr'><strong>cap.</strong></span> <span class='ocrx_word' id='word_1_203' title='bbox 470 3367 525 3437; x_wconf 83' lang='lat' dir='ltr'><strong>vl.</strong></span> <span class='ocrx_word' id='word_1_204' title='bbox 542 3367 590 3438; x_wconf 87' lang='lat' dir='ltr'><strong>De</strong></span> <span class='ocrx_word' id='word_1_205' title='bbox 609 3369 781 3440; x_wconf 77' lang='lat' dir='ltr'><strong>sanctitate</strong></span> <span class='ocrx_word' id='word_1_206' title='bbox 797 3368 1009 3439; x_wconf 78' lang='lat' dir='ltr'><strong>matrimonii.</strong></span> <span class='ocrx_word' id='word_1_207' title='bbox 1025 3364 1162 3442; x_wconf 82' lang='lat' dir='ltr'><strong>«Habet</strong></span> <span class='ocrx_word' id='word_1_208' title='bbox 1175 3368 1277 3442; x_wconf 88' lang='lat' dir='ltr'><strong>etiam</strong></span> 
     </span>
    </p>
   </div>
   <div class='ocr_carea' id='block_1_3' title="bbox 135 3479 1277 4388">
    <p class='ocr_par' dir='ltr' id='par_1_5' title="bbox 135 3479 1276 3618">
     <span class='ocr_line' id='line_1_28' title="bbox 161 3479 1276 3581; baseline 0.006 -32"><span class='ocrx_word' id='word_1_209' title='bbox 161 3479 411 3554; x_wconf 88' lang='lat' dir='ltr'><strong>matrimonium</strong></span> <span class='ocrx_word' id='word_1_210' title='bbox 434 3508 498 3553; x_wconf 89' lang='lat' dir='ltr'><strong>non</strong></span> <span class='ocrx_word' id='word_1_211' title='bbox 518 3484 640 3581; x_wconf 73' lang='lat' dir='ltr'><strong>param</strong></span> <span class='ocrx_word' id='word_1_212' title='bbox 665 3481 854 3557; x_wconf 88' lang='lat' dir='ltr'><strong>sanctitatis</strong></span> <span class='ocrx_word' id='word_1_213' title='bbox 878 3509 918 3555; x_wconf 80' lang='lat' dir='ltr'><strong>ex</strong></span> <span class='ocrx_word' id='word_1_214' title='bbox 942 3484 1195 3571; x_wconf 86' lang='lat' dir='ltr'><strong>benedictione,</strong></span> <span class='ocrx_word' id='word_1_215' title='bbox 1222 3483 1276 3558; x_wconf 77' lang='lat' dir='ltr'><strong>vel</strong></span> 
     </span>
     <span class='ocr_line' id='line_1_29' title="bbox 135 3586 166 3618; baseline 0 0"><span class='ocrx_word' id='word_1_216' title='bbox 135 3591 139 3597; x_wconf 96' lang='grc'><strong>“</strong></span> <span class='ocrx_word' id='word_1_217' title='bbox 159 3586 166 3618; x_wconf 78' lang='lat' dir='ltr'><strong>l</strong></span> 
     </span>
    </p>

    <p class='ocr_par' dir='ltr' id='par_1_6' title="bbox 159 3680 1277 4388">
     <span class='ocr_line' id='line_1_30' title="bbox 233 3680 1276 3752; baseline 0.008 -21"><span class='ocrx_word' id='word_1_218' title='bbox 233 3680 268 3746; x_wconf 81' lang='lat' dir='ltr'><strong>(i)</strong></span> <span class='ocrx_word' id='word_1_219' title='bbox 281 3684 397 3733; x_wconf 86' lang='lat' dir='ltr'><strong>Nonnulli</strong></span> <span class='ocrx_word' id='word_1_220' title='bbox 417 3684 526 3748; x_wconf 80' lang='lat' dir='ltr'><strong>primum</strong></span> <span class='ocrx_word' id='word_1_221' title='bbox 545 3685 620 3736; x_wconf 83' lang='lat' dir='ltr'><strong>luisse</strong></span> <span class='ocrx_word' id='word_1_222' title='bbox 638 3686 685 3737; x_wconf 81' lang='lat' dir='ltr'><strong>hoc</strong></span> <span class='ocrx_word' id='word_1_223' title='bbox 701 3686 763 3736; x_wconf 85' lang='lat' dir='ltr'><strong>cani</strong></span> <span class='ocrx_word' id='word_1_224' title='bbox 776 3699 838 3750; x_wconf 86' lang='lat' dir='ltr'><strong>opus</strong></span> <span class='ocrx_word' id='word_1_225' title='bbox 854 3687 980 3750; x_wconf 79' lang='lat' dir='ltr'><strong>vulgatam</strong></span> <span class='ocrx_word' id='word_1_226' title='bbox 991 3687 1276 3752; x_wconf 72' lang='lat' dir='ltr'><strong>misenantium,</strong></span> 
     </span>
     <span class='ocr_line' id='line_1_31' title="bbox 161 3757 1276 3829; baseline 0.008 -22"><span class='ocrx_word' id='word_1_227' title='bbox 161 3757 203 3809; x_wconf 91' lang='lat' dir='ltr'><strong>alii</strong></span> <span class='ocrx_word' id='word_1_228' title='bbox 216 3771 274 3810; x_wconf 82' lang='lat' dir='ltr'><strong>vero</strong></span> <span class='ocrx_word' id='word_1_229' title='bbox 289 3773 328 3811; x_wconf 84' lang='lat' dir='ltr'><strong>an.</strong></span> <span class='ocrx_word' id='word_1_230' title='bbox 344 3765 514 3813; x_wconf 70' lang='lat' dir='ltr'><strong>tassieium</strong></span> <span class='ocrx_word' id='word_1_231' title='bbox 530 3765 643 3827; x_wconf 86' lang='lat' dir='ltr'><strong>componi</strong></span> <span class='ocrx_word' id='word_1_232' title='bbox 661 3766 764 3828; x_wconf 88' lang='lat' dir='ltr'><strong>possunt</strong></span> <span class='ocrx_word' id='word_1_233' title='bbox 780 3765 827 3815; x_wconf 87' lang='lat' dir='ltr'><strong>hae</strong></span> <span class='ocrx_word' id='word_1_234' title='bbox 842 3765 975 3816; x_wconf 88' lang='lat' dir='ltr'><strong>sententiae</strong></span> <span class='ocrx_word' id='word_1_235' title='bbox 987 3779 1018 3816; x_wconf 84' lang='lat' dir='ltr'><strong>ex</strong></span> <span class='ocrx_word' id='word_1_236' title='bbox 1029 3765 1074 3828; x_wconf 76' lang='lat' dir='ltr'><strong>iis,</strong></span> <span class='ocrx_word' id='word_1_237' title='bbox 1084 3777 1149 3829; x_wconf 81' lang='lat' dir='ltr'><strong>quaa</strong></span> <span class='ocrx_word' id='word_1_238' title='bbox 1166 3765 1276 3816; x_wconf 88' lang='lat' dir='ltr'><strong>scribunt</strong></span> 
     </span>
     <span class='ocr_line' id='line_1_32' title="bbox 159 3836 1276 3908; baseline 0.005 -18"><span class='ocrx_word' id='word_1_239' title='bbox 159 3852 201 3902; x_wconf 81' lang='lat' dir='ltr'><strong>pp.</strong></span> <span class='ocrx_word' id='word_1_240' title='bbox 215 3840 303 3898; x_wconf 75' lang='lat' dir='ltr'><strong>onam</strong></span> <span class='ocrx_word' id='word_1_241' title='bbox 316 3842 341 3892; x_wconf 89' lang='lat' dir='ltr'><strong>ei</strong></span> <span class='ocrx_word' id='word_1_242' title='bbox 356 3842 453 3892; x_wconf 69' lang='lat' dir='ltr'><strong>tohard</strong></span> <span class='ocrx_word' id='word_1_243' title='bbox 467 3843 682 3908; x_wconf 68' lang='lat' dir='ltr'><strong>insectatoribus</strong></span> <span class='ocrx_word' id='word_1_244' title='bbox 701 3843 1029 3908; x_wconf 77' lang='lat' dir='ltr'><strong>ordinispraedteatonim</strong></span> <span class='ocrx_word' id='word_1_245' title='bbox 1043 3844 1070 3894; x_wconf 88' lang='lat' dir='ltr'><strong>in</strong></span> <span class='ocrx_word' id='word_1_246' title='bbox 1087 3845 1135 3896; x_wconf 81' lang='lat' dir='ltr'><strong>art.</strong></span> <span class='ocrx_word' id='word_1_247' title='bbox 1148 3836 1276 3896; x_wconf 64' lang='lat' dir='ltr'><strong>nuutios</strong></span> 
     </span>
     <span class='ocr_line' id='line_1_33' title="bbox 162 3920 1276 3990; baseline 0.007 -22"><span class='ocrx_word' id='word_1_248' title='bbox 162 3920 250 3972; x_wconf 76' lang='lat' dir='ltr'><strong>conas</strong></span> <span class='ocrx_word' id='word_1_249' title='bbox 264 3922 325 3988; x_wconf 88' lang='lat' dir='ltr'><strong>tom.</strong></span> <span class='ocrx_word' id='word_1_250' title='bbox 337 3925 369 3973; x_wconf 88' lang='lat' dir='ltr'><strong>ll.</strong></span> <span class='ocrx_word' id='word_1_251' title='bbox 380 3935 436 3987; x_wconf 77' lang='lat' dir='ltr'><strong>pag.</strong></span> <span class='ocrx_word' id='word_1_252' title='bbox 450 3927 515 3986; x_wconf 55' lang='lat'><strong>1774</strong></span> <span class='ocrx_word' id='word_1_253' title='bbox 526 3923 574 3974; x_wconf 85' lang='lat' dir='ltr'><strong>boc</strong></span> <span class='ocrx_word' id='word_1_254' title='bbox 589 3936 651 3987; x_wconf 82' lang='lat' dir='ltr'><strong>opus</strong></span> <span class='ocrx_word' id='word_1_255' title='bbox 665 3924 821 3989; x_wconf 82' lang='lat' dir='ltr'><strong>privilegium</strong></span> <span class='ocrx_word' id='word_1_256' title='bbox 831 3925 998 3990; x_wconf 76' lang='lat' dir='ltr'><strong>impressionis</strong></span> <span class='ocrx_word' id='word_1_257' title='bbox 1012 3925 1121 3978; x_wconf 82' lang='lat' dir='ltr'><strong>obtinuit</strong></span> <span class='ocrx_word' id='word_1_258' title='bbox 1131 3926 1226 3976; x_wconf 77' lang='lat' dir='ltr'><strong>Manlii</strong></span> <span class='ocrx_word' id='word_1_259' title='bbox 1236 3925 1276 3977; x_wconf 80' lang='lat' dir='ltr'><strong>die</strong></span> 
     </span>
     <span class='ocr_line' id='line_1_34' title="bbox 161 4001 1275 4069; baseline 0.01 -20"><span class='ocrx_word' id='word_1_260' title='bbox 161 4002 199 4050; x_wconf 82' lang='lat'><strong>27.</strong></span> <span class='ocrx_word' id='word_1_261' title='bbox 213 4001 315 4064; x_wconf 79' lang='lat' dir='ltr'><strong>Augusti</strong></span> <span class='ocrx_word' id='word_1_262' title='bbox 334 4008 402 4053; x_wconf 80' lang='lat'><strong>1562.</strong></span> <span class='ocrx_word' id='word_1_263' title='bbox 413 4002 439 4053; x_wconf 87' lang='lat' dir='ltr'><strong>et</strong></span> <span class='ocrx_word' id='word_1_264' title='bbox 449 4003 537 4053; x_wconf 84' lang='lat' dir='ltr'><strong>iterum</strong></span> <span class='ocrx_word' id='word_1_265' title='bbox 547 4002 587 4054; x_wconf 88' lang='lat' dir='ltr'><strong>die</strong></span> <span class='ocrx_word' id='word_1_266' title='bbox 599 4009 639 4062; x_wconf 78' lang='lat'><strong>22.</strong></span> <span class='ocrx_word' id='word_1_267' title='bbox 651 4017 709 4054; x_wconf 84' lang='lat' dir='ltr'><strong>nov.</strong></span> <span class='ocrx_word' id='word_1_268' title='bbox 718 4003 828 4054; x_wconf 85' lang='lat' dir='ltr'><strong>eiusdem</strong></span> <span class='ocrx_word' id='word_1_269' title='bbox 836 4006 908 4069; x_wconf 79' lang='lat' dir='ltr'><strong>snui3</strong></span> <span class='ocrx_word' id='word_1_270' title='bbox 921 4005 1015 4056; x_wconf 89' lang='lat' dir='ltr'><strong>editum</strong></span> <span class='ocrx_word' id='word_1_271' title='bbox 1024 4006 1106 4057; x_wconf 72' lang='lat' dir='ltr'><strong>numm</strong></span> <span class='ocrx_word' id='word_1_272' title='bbox 1118 4004 1156 4055; x_wconf 86' lang='lat' dir='ltr'><strong>est</strong></span> <span class='ocrx_word' id='word_1_273' title='bbox 1167 4003 1275 4060; x_wconf 69' lang='lat' dir='ltr'><strong>Salman-</strong></span> 
     </span>
     <span class='ocr_line' id='line_1_35' title="bbox 159 4081 1276 4148; baseline 0.004 -17"><span class='ocrx_word' id='word_1_274' title='bbox 159 4081 222 4131; x_wconf 86' lang='lat' dir='ltr'><strong>ticae</strong></span> <span class='ocrx_word' id='word_1_275' title='bbox 236 4083 301 4146; x_wconf 76' lang='lat' dir='ltr'><strong>typis</strong></span> <span class='ocrx_word' id='word_1_276' title='bbox 315 4083 466 4146; x_wconf 77' lang='lat' dir='ltr'><strong>elegantibus</strong></span> <span class='ocrx_word' id='word_1_277' title='bbox 481 4083 508 4132; x_wconf 91' lang='lat' dir='ltr'><strong>iu</strong></span> <span class='ocrx_word' id='word_1_278' title='bbox 522 4083 567 4133; x_wconf 87' lang='lat' dir='ltr'><strong>iol.</strong></span> <span class='ocrx_word' id='word_1_279' title='bbox 581 4095 621 4134; x_wconf 81' lang='lat' dir='ltr'><strong>au.</strong></span> <span class='ocrx_word' id='word_1_280' title='bbox 636 4091 704 4136; x_wconf 77' lang='lat' dir='ltr'><strong>itai.</strong></span> <span class='ocrx_word' id='word_1_281' title='bbox 717 4098 767 4148; x_wconf 86' lang='lat' dir='ltr'><strong>quo</strong></span> <span class='ocrx_word' id='word_1_282' title='bbox 781 4083 939 4135; x_wconf 62' lang='lat' dir='ltr'><strong>mamonae</strong></span> <span class='ocrx_word' id='word_1_283' title='bbox 950 4084 991 4135; x_wconf 87' lang='lat' dir='ltr'><strong>die</strong></span> <span class='ocrx_word' id='word_1_284' title='bbox 1004 4092 1041 4137; x_wconf 89' lang='lat' dir='ltr'><strong>il.</strong></span> <span class='ocrx_word' id='word_1_285' title='bbox 1054 4082 1182 4135; x_wconf 83' lang='lat' dir='ltr'><strong>novembr.</strong></span> <span class='ocrx_word' id='word_1_286' title='bbox 1192 4084 1276 4136; x_wconf 76' lang='grc' dir='ltr'>ιιιιιιι</span> 
     </span>
     <span class='ocr_line' id='line_1_36' title="bbox 160 4163 1277 4228; baseline 0.007 -19"><span class='ocrx_word' id='word_1_287' title='bbox 160 4163 197 4211; x_wconf 86' lang='lat' dir='ltr'><strong>est</strong></span> <span class='ocrx_word' id='word_1_288' title='bbox 219 4174 278 4213; x_wconf 80' lang='lat' dir='ltr'><strong>sess.</strong></span> <span class='ocrx_word' id='word_1_289' title='bbox 299 4166 386 4214; x_wconf 80' lang='lat' dir='ltr'><strong>xxiv.</strong></span> <span class='ocrx_word' id='word_1_290' title='bbox 406 4176 475 4214; x_wconf 89' lang='lat' dir='ltr'><strong>conc.</strong></span> <span class='ocrx_word' id='word_1_291' title='bbox 494 4163 636 4228; x_wconf 83' lang='lat' dir='ltr'><strong>tridentini,</strong></span> <span class='ocrx_word' id='word_1_292' title='bbox 656 4166 694 4216; x_wconf 89' lang='lat' dir='ltr'><strong>uti</strong></span> <span class='ocrx_word' id='word_1_293' title='bbox 712 4167 798 4216; x_wconf 75' lang='lat' dir='ltr'><strong>notum</strong></span> <span class='ocrx_word' id='word_1_294' title='bbox 818 4167 905 4217; x_wconf 81' lang='lat' dir='ltr'><strong>estex</strong></span> <span class='ocrx_word' id='word_1_295' title='bbox 925 4166 1027 4216; x_wconf 73' lang='lat' dir='ltr'><strong>historia</strong></span> <span class='ocrx_word' id='word_1_296' title='bbox 1045 4164 1113 4216; x_wconf 82' lang='lat' dir='ltr'><strong>card.</strong></span> <span class='ocrx_word' id='word_1_297' title='bbox 1129 4165 1277 4225; x_wconf 65' lang='lat' dir='ltr'><strong>Palievlchi</strong></span> 
     </span>
     <span class='ocr_line' id='line_1_37' title="bbox 160 4239 1275 4309; baseline 0.006 -21"><span class='ocrx_word' id='word_1_298' title='bbox 160 4239 204 4290; x_wconf 85' lang='lat' dir='ltr'><strong>lib.</strong></span> <span class='ocrx_word' id='word_1_299' title='bbox 215 4245 304 4293; x_wconf 78' lang='lat' dir='ltr'><strong>xliiii.</strong></span> <span class='ocrx_word' id='word_1_300' title='bbox 317 4256 370 4307; x_wconf 86' lang='lat' dir='ltr'><strong>cap.</strong></span> <span class='ocrx_word' id='word_1_301' title='bbox 388 4251 411 4294; x_wconf 84' lang='lat' dir='ltr'><strong>e.</strong></span> <span class='ocrx_word' id='word_1_302' title='bbox 424 4256 449 4293; x_wconf 91' lang='lat' dir='ltr'><strong>n.</strong></span> <span class='ocrx_word' id='word_1_303' title='bbox 464 4248 501 4294; x_wconf 84' lang='lat'><strong>15.</strong></span> <span class='ocrx_word' id='word_1_304' title='bbox 517 4243 558 4294; x_wconf 89' lang='lat' dir='ltr'><strong>ubi</strong></span> <span class='ocrx_word' id='word_1_305' title='bbox 569 4244 655 4295; x_wconf 85' lang='lat' dir='ltr'><strong>scribit</strong></span> <span class='ocrx_word' id='word_1_306' title='bbox 663 4246 738 4309; x_wconf 86' lang='lat' dir='ltr'><strong>paulo</strong></span> <span class='ocrx_word' id='word_1_307' title='bbox 748 4247 805 4297; x_wconf 90' lang='lat' dir='ltr'><strong>ante</strong></span> <span class='ocrx_word' id='word_1_308' title='bbox 816 4258 907 4297; x_wconf 88' lang='lat' dir='ltr'><strong>aunum</strong></span> <span class='ocrx_word' id='word_1_309' title='bbox 922 4259 974 4309; x_wconf 84' lang='lat' dir='ltr'><strong>quo</strong></span> <span class='ocrx_word' id='word_1_310' title='bbox 986 4245 1071 4297; x_wconf 87' lang='lat' dir='ltr'><strong>datum</strong></span> <span class='ocrx_word' id='word_1_311' title='bbox 1087 4246 1134 4295; x_wconf 87' lang='lat' dir='ltr'><strong>luit</strong></span> <span class='ocrx_word' id='word_1_312' title='bbox 1145 4259 1160 4296; x_wconf 87' lang='lat' dir='ltr'><strong>a</strong></span> <span class='ocrx_word' id='word_1_313' title='bbox 1171 4245 1275 4299; x_wconf 69' lang='lat' dir='ltr'><strong>canalio</strong></span> 
     </span>
     <span class='ocr_line' id='line_1_38' title="bbox 161 4317 1095 4388; baseline 0.009 -21"><span class='ocrx_word' id='word_1_314' title='bbox 161 4317 286 4370; x_wconf 80' lang='lat' dir='ltr'><strong>decretum</strong></span> <span class='ocrx_word' id='word_1_315' title='bbox 299 4320 330 4371; x_wconf 81' lang='lat' dir='ltr'><strong>(le</strong></span> <span class='ocrx_word' id='word_1_316' title='bbox 349 4320 511 4374; x_wconf 70' lang='lat' dir='ltr'><strong>mammonin</strong></span> <span class='ocrx_word' id='word_1_317' title='bbox 525 4322 681 4379; x_wconf 80' lang='lat' dir='ltr'><strong>clandestinis</strong></span> <span class='ocrx_word' id='word_1_318' title='bbox 695 4326 792 4375; x_wconf 87' lang='lat' dir='ltr'><strong>cauum</strong></span> <span class='ocrx_word' id='word_1_319' title='bbox 807 4337 869 4388; x_wconf 81' lang='lat' dir='ltr'><strong>opus</strong></span> <span class='ocrx_word' id='word_1_320' title='bbox 888 4337 960 4375; x_wconf 86' lang='lat' dir='ltr'><strong>sunm</strong></span> <span class='ocrx_word' id='word_1_321' title='bbox 974 4325 1095 4387; x_wconf 77' lang='lat' dir='ltr'><strong>vulgasse.</strong></span> 
     </span>
    </p>
   </div>
   <div class='ocr_carea' id='block_1_4' title="bbox 0 0 1444 5062">
    <p class='ocr_par' dir='ltr' id='par_1_7' title="bbox 0 0 1444 5062">
     <span class='ocr_line' id='line_1_39' title="bbox 0 0 1444 5062; baseline 0 0"><span class='ocrx_word' id='word_1_322' title='bbox 0 0 1444 5062; x_wconf 95' lang='lat' dir='ltr'><strong> </strong></span> 
     </span>
    </p>
   </div>
  </div>
 </body>
</html>
