2872 5062
227 364 294 432 Μ
429 383 489 431 nm.
511 382 533 429 l.
556 379 641 429 SBCT.
663 380 793 428 strunt.
816 379 855 425 lts
874 378 1003 427 ulrum.
1026 378 1131 426 clvlnl.

224 504 414 575 destruatur
430 522 531 597 quam
549 495 704 594 publicae
722 495 911 567 auctoritati
930 493 1087 567 conciliat
1102 493 1230 590 religio.
1243 494 1325 564 Nam

226 618 296 689 sive
320 616 379 713 qui
405 612 513 709 legem
538 611 705 696 condunt,
727 636 794 707 qua
811 610 1027 694 dissocietur,
1048 626 1106 681 aut
1123 608 1240 680 saltem
1258 607 1329 679 dis·

225 730 345 803 sociari
363 729 470 828 possit
487 727 570 799 ratio
587 727 785 799 sacramenti
808 752 828 797 a
850 724 940 797 civili
962 741 1153 810 contractu,
1174 724 1246 796 sive
1269 725 1328 821 qui

225 844 292 940 legi
317 844 363 914 ita
387 840 632 938 obsequuntur,
657 855 694 910 ut
719 839 818 909 nihili
845 838 968 910 faciant
993 853 1261 923 sacramentum,
1290 862 1331 910 ao

226 983 363 1058 prorsus
389 954 559 1051 negligant
584 970 616 1025 et
640 953 833 1040 excludant,
862 952 978 1053 procul
1007 953 1110 1025 dubio
1135 951 1331 1048 religionem

226 1074 334 1173 ipsam
359 1096 420 1144 suo
442 1095 541 1168 opere
558 1069 761 1166 proculcant.
782 1070 888 1141 Erunt
909 1095 952 1141 ne
967 1093 1045 1141 vero
1063 1066 1253 1140 istiusmodi
1272 1065 1332 1139 ho·

225 1187 334 1258 mines
356 1183 490 1257 solliciti
508 1184 551 1255 de
567 1182 788 1257 auscultanda
806 1183 982 1279 religione,
1006 1208 1081 1254 cum
1099 1182 1149 1254 eis
1167 1181 1332 1279 praecipit

225 1299 365 1398 obsequi
392 1298 602 1397 principibus
620 1324 660 1370 ac
677 1299 939 1395 magistratibus,
961 1298 1078 1397 eisque
1097 1297 1249 1383 subesse,
1274 1296 1332 1369 on

226 1430 429 1511 temperare,
446 1437 485 1485 ao
499 1438 556 1486 eos
570 1413 758 1487 honorare?
780 1415 881 1485 Nemo
900 1439 1003 1485 sanus
1021 1411 1167 1511 prolecto
1188 1411 1327 1497 direrit;

227 1528 380 1626 namqui
398 1528 504 1600 Deum
530 1553 596 1599 non
620 1529 724 1613 timet,
753 1554 814 1601 nec
835 1554 944 1624 regem
971 1526 1186 1613 honorificat;
1208 1525 1281 1598 sola
1297 1525 1330 1598 vi

226 1645 261 1714 in
288 1642 400 1714 officio
425 1641 633 1743 continetur3
664 1642 796 1713 interim
821 1641 935 1727 iuviti,
963 1641 1021 1740 qui
1043 1641 1125 1712 tales
1152 1655 1245 1724 sunt,
1267 1639 1333 1712 tre-

226 1774 343 1843 munt,
372 1782 412 1828 ac
436 1755 567 1852 legibus
599 1757 841 1842 subiiciuntur,
874 1757 956 1856 quia
979 1772 1094 1829 contra
1117 1756 1209 1852 leges
1233 1781 1333 1852 agere

227 1893 406 1978 nequeunt.
424 1878 488 1950 Sed
506 1879 606 1952 simul
623 1870 664 1952 ac
680 1880 730 1952 eis
748 1879 861 1979 aliqua
878 1906 958 1978 spes
969 1879 1117 1975 affulget,
1134 1894 1192 1951 aut
1207 1876 1335 1949 scintil-

225 1994 314 2081 lula,
343 1995 433 2093 quod
458 1995 591 2067 tandem
617 1996 807 2094 praevalere
832 1997 987 2095 possint,
1017 2021 1056 2067 ac
1079 1996 1148 2068 vim
1172 1993 1206 2066 vi
1227 1992 1333 2091 repel-

226 2108 317 2196 lere,
342 2109 431 2183 illico
449 2110 631 2207 agitantur,
651 2127 683 2184 et
704 2138 825 2185 causas
843 2110 1041 2183 insimulant
1057 2107 1253 2206 insurgendi
1273 2108 1333 2179 ad-

225 2249 343 2297 versus
373 2250 450 2310 eos,
478 2251 563 2323 quos
590 2252 651 2299 nec
678 2244 792 2300 amant
816 2252 876 2299 nec
900 2241 1065 2299 verentur.
1096 2227 1146 2298 lta
1174 2224 1331 2295 nimirum

226 2338 414 2435 legislatio,
449 2366 535 2438 quae
560 2341 724 2414 ecclesiae
749 2341 977 2414 auctoritatem
1003 2340 1192 2440 proculcat,
1222 2338 1331 2438 ipsius

225 2454 325 2526 etiam
351 2453 505 2553 politicae
531 2457 733 2528 auctoritatis
756 2456 857 2528 robur
882 2456 1034 2553 infringit
1053 2458 1141 2550 (to).

293 2622 343 2684 (oo)
355 2624 409 2672 lluc
419 2623 529 2686 apprime
539 2623 662 2686 quadrent
669 2636 732 2687 quae
743 2624 807 2674 idem
817 2627 903 2674 auctor
912 2624 1085 2687 lagunculas,
1094 2625 1119 2673 ln
1129 2636 1170 2686 op.
1181 2622 1223 2672 cit.
1233 2624 1268 2672 lc
1274 2634 1332 2685 pro·

226 2705 387 2753 tutcnttsme
393 2704 624 2766 etopostnonnulla
631 2707 744 2768 excerpta
754 2718 785 2754 en
792 2704 979 2768 AloysioBlanc,
984 2704 1115 2755 concludit:
1125 2706 1174 2753 «La
1184 2701 1331 2761 revolution,

224 2779 260 2830 lit
270 2779 293 2829 le
301 2779 396 2830 celebre
406 2781 527 2831 socialiste
538 2783 546 2841 l
556 2783 669 2832 LeBlano
676 2783 694 2846 )‚
703 2783 746 2845 qui
752 2784 868 2847 preparee
878 2796 921 2846 par
931 2783 966 2833 les
976 2782 1140 2845 philosophos,
1151 2779 1281 2830 continuos
1289 2791 1334 2842 par
1405 2818 1409 2830 .

226 2860 251 2908 ln
259 2858 378 2922 politique
386 2871 417 2908 ne
426 2859 592 2922 s'secomplira
603 2873 651 2923 que
658 2874 701 2924 per
710 2860 734 2910 le
743 2861 888 2923 socialismc,
894 2860 977 2911 deruit
985 2859 1170 2911 naturellement
1178 2870 1332 2908 commoneor

225 2951 270 3001 pm
279 2939 303 2988 la
313 2938 455 3002 theologie·
463 2942 496 2989 Le
505 2939 617 2990 eiusne
626 2940 699 2991 siecle
708 2941 746 2992 lut
756 2942 780 2992 le
790 2941 863 2992 siecle
872 2941 904 2991 de
914 2939 1121 3001 l’intelligenoeen
1134 2938 1239 2999 revolte,
1252 2938 1271 2988 ll
1280 2937 1333 3000 pre

223 3030 296 3080 puro,
306 3030 337 3068 en
348 3022 516 3081 commoneant
525 3032 570 3083 por
580 3019 679 3084 l'eglise,
691 3020 716 3071 ln
725 3023 794 3070 ruine
807 3020 839 3070 de
849 3024 905 3071 tous
915 3021 951 3071 les
964 3020 1063 3070 molens
1075 3019 1206 3082 pontolrs,
1223 3015 1291 3067 vona
1303 3027 1331 3065 ce

225 3099 269 3159 qui
283 3098 307 3148 le
322 3098 475 3148 carnotense.
487 3124 496 3136 ·
507 3101 541 3149 Le
551 3112 613 3162 pape
628 3100 688 3162 qu’il
704 3101 775 3163 s’eglt
784 3100 816 3150 ‹le
825 3113 962 3159 muterser,
974 3100 1034 3151 o'est
1044 3112 1077 3149 un
1088 3099 1124 3149 roi
1134 3097 1259 3161 spiritnel,
1269 3096 1331 3146 mais

224 3175 287 3227 suun
303 3175 363 3227 c'est
378 3190 411 3226 uu
426 3177 471 3227 roi.
483 3177 589 3228 celui-ln
598 3192 642 3243 per
653 3181 729 3240 terre,
741 3179 777 3230 les
785 3178 999 3240 nuumsulvron13
1009 3191 1051 3228 ear
1060 3178 1110 3228 s'en
1119 3179 1157 3228 est
1165 3177 1211 3226 luit
1219 3176 1256 3226 du
1266 3176 1331 3239 prln·

223 3257 277 3319 ἀρε
289 3256 430 3318 deuterus,
448 3270 511 3320 pour
530 3271 577 3321 peu
595 3259 671 3321 qu'on
690 3259 810 3322 l’attelgno
820 3259 882 3308 dans
892 3271 919 3308 sa
930 3259 1008 3308 forme
1019 3259 1044 3308 le
1053 3257 1108 3322 plus
1119 3257 1257 3321 respectes,
1271 3257 1333 3306 dant

222 3347 270 3384 son
280 3334 444 3398 representem
453 3335 476 3386 le
487 3337 544 3400 plns
554 3340 667 3401 auguste3
682 3340 706 3388 et
714 3339 770 3388 tout
779 3338 870 3388 Lutlrer
887 3337 1003 3400 religieux
1020 3337 1115 3402 appelle
1132 3336 1332 3387 invinclblement

223 3414 661 3480 unlutlrerpolittquelp.1to.).u
963 3411 969 3423 '

296 3497 327 3544 Et
336 3495 418 3557 paullo
430 3498 498 3558 post:
512 3516 524 3540 «ι
536 3500 582 3548 Les
592 3499 759 3549 scurrainetes
774 3499 929 3560 temporelles
948 3499 1030 3548 lurenl
1049 3498 1184 3560 rupeas
1196 3497 1231 3548 du
1251 3497 1332 3548 moins

224 3574 255 3624 de
265 3573 317 3623 leit.
330 3576 367 3623 On
377 3574 414 3624 les
423 3572 518 3638 croyait
526 3576 718 3640 invulnerables,
726 3578 751 3628 et
760 3578 825 3628 alors
836 3578 858 3628 le
869 3578 994 3640 croyaient
1003 3578 1193 3628 elles-memes...
1200 3578 1236 3628 Ge
1243 3577 1287 3640 qul
1298 3576 1332 3626 let

223 3653 354 3718 aveugla...
361 3655 448 3707 (l'etolt
455 3669 498 3706 sur
507 3658 562 3708 tout
573 3657 675 3720 qu’elles
684 3659 810 3720 croyaient
820 3671 869 3720 que
878 3658 903 3708 la
912 3657 1063 3709 destruction
1073 3657 1105 3708 de
1115 3657 1208 3720 l'eglise
1216 3657 1331 3721 lenrpro·

223 3734 313 3801 flterait
322 3746 353 3785 nn
361 3734 398 3785 los
405 3728 592 3787 atlranclrissant
602 3735 633 3786 de
642 3749 687 3786 sou
694 3737 761 3799 joug.
773 3740 836 3788 -nes
844 3737 1011 3789 sonvreinetts
1019 3738 1112 3788 etalem
1123 3737 1251 3788 tellement
1261 3748 1331 3786 areu·

224 3813 431 3878 gltoe....qu’elles
446 3815 614 3867 descendimnt
624 3817 686 3868 drus
699 3817 753 3867 leur
769 3830 829 3880 reug
842 3818 851 3879 l
862 3816 905 3867 des
914 3817 1088 3881 philosophos)
1104 3830 1166 3880 pour
1181 3818 1265 3880 portet
1280 3815 1332 3866 leur

224 3894 290 3945 melu
301 3895 382 3957 royale
392 3907 435 3946 sur
444 3896 508 3946 cetto
516 3895 606 3958 egles,
617 3897 659 3959 qni
670 3897 731 3946 etait
740 3896 875 3959 cependant
891 3898 916 3947 le
927 3897 1078 3960 snnragarde
1093 3895 1126 3947 de
1141 3896 1196 3948 leur
1211 3895 1332 3954 autento,

221 3975 307 4025 autent
317 3974 407 4037 qu’elle
415 3975 493 4026 l’etalt
501 3975 532 4039 de
542 3975 566 4026 la
574 3975 725 4038 segeliberte
733 3976 777 4028 des
787 3977 886 4041 periples
895 3978 904 4041 l
912 3991 967 4041 pag.
976 3982 1028 4029 187.
1037 3977 1071 4039 ).»
1319 3996 1323 4002 ·

255 4076 257 4081 ·
275 4082 278 4089 ·
296 4054 405 4106 laudern
422 4067 471 4105 non
486 4055 566 4105 minus
576 4069 634 4106 vera
642 4058 711 4117 sunt,
724 4069 788 4119 quae
797 4070 827 4107 ex
837 4057 923 4108 eodem
936 4057 1110 4109 ascribimus:
1126 4077 1138 4101 ιι
1149 4056 1279 4109 L’ltomme
1291 4055 1332 4107 ιί

224 4146 268 4196 pes
279 4135 464 4185 usturollenrenl
473 4134 595 4185 l'autoritt
604 4148 648 4186 cnr
655 4135 778 4186 l’nomme.
790 4137 923 4189 L'autoritl
934 4138 996 4189 n’est
1006 4137 1078 4200 qu’eu
1090 4135 1161 4187 nien.
1171 4160 1180 4172 -
1189 4138 1226 4187 lm
1234 4133 1334 4189 sonuit·

221 4214 274 4264 uon
285 4213 299 4264 l
310 4214 400 4265 l’ordre
410 4215 547 4266 uummrel
558 4216 597 4266 at
605 4215 666 4266 ainsi
678 4215 749 4267 l’ttne
758 4216 789 4267 (le
798 4218 867 4267 toute
878 4217 1033 4268 soumission.
1050 4216 1137 4278 Ainsl,
1151 4215 1190 4265 dit
1204 4214 1330 4269 antee

222 4293 288 4341 ment
304 4295 336 4341 ll.
348 4293 447 4356 Guizot,
468 4293 511 4342 des
527 4306 575 4356 qne
597 4293 711 4346 l'homme
726 4307 793 4345 cesse
809 4293 843 4343 de
862 4295 940 4346 croire
953 4296 967 4344 l
981 4295 1071 4346 l'ordre
1085 4295 1238 4354 sumntum,
1256 4296 1283 4344 st
1299 4291 1330 4341 dc
