2872 5062
218 331 287 402 ito
418 351 480 400 nm.
501 351 526 400 r.
547 349 634 400 ssor.
652 351 675 398 r.
697 351 736 399 nn
754 350 885 401 urrais.
906 351 1119 403 sncnmsrvro.

289 471 392 544 Venio
416 468 459 542 ad
485 468 625 541 alterum
652 469 883 568 praestitutum
904 495 1083 558 canonem,
1109 487 1220 572 patres
1240 476 1335 551 soili-

217 603 270 662 cet
291 614 369 670 eam,
386 584 582 659 exhibuisse
603 584 803 657 sacramenti
826 586 1030 657 matrimonii
1054 585 1181 677 ideam,
1204 605 1241 663 ut
1261 592 1337 667 nui-

217 704 286 777 ium
312 702 405 775 aliud
431 701 630 773 elementum
651 699 686 773 in
707 725 747 772 eo
768 701 965 796 agnoverint
984 717 1114 801 praeter
1135 705 1335 781 contrahen-

216 819 300 893 tium
325 818 468 891 liberum
494 816 746 914 legitimumque
771 841 984 890 consensum,

291 935 392 1006 Porro
409 932 487 1004 talis
504 945 556 1004 est
573 930 667 1018 idea,
687 957 788 1030 quam
806 930 904 1005 nobis
921 932 1056 1006 exhibet
1072 960 1102 1008 s.
1119 935 1270 1032 ignatius
1284 940 1330 1012 it.

215 1049 274 1123 ubi
292 1049 426 1124 scribit:
451 1049 586 1121 «Decet
604 1072 683 1122 vero
699 1065 737 1120 ut
754 1049 871 1148 sponsi
892 1065 925 1122 et
943 1076 1089 1150 sponsae
1105 1051 1149 1124 de
1166 1056 1333 1131 sententia

215 1164 365 1265 episcopi
395 1164 586 1262 coniugium
616 1162 759 1250 iaciant,
788 1191 855 1263 quo
884 1166 1020 1265 nuptiae
1049 1167 1120 1241 sint
1145 1169 1332 1245 secundum

193 1279 395 1352 hominum
421 1294 454 1351 et
478 1305 545 1352 non
570 1279 755 1352 secundum
780 1280 1014 1379 cupiditatem;
1037 1283 1152 1357 omnia
1168 1283 1213 1356 ad
1229 1285 1333 1361 hono·

215 1422 286 1470 rem
318 1396 379 1468 Dei
412 1395 494 1468 fiant
524 1398 614 1492 (13).
634 1426 651 1467 n
673 1396 805 1482 Quibus
830 1397 941 1497 palam
967 1398 1133 1474 discimus
1153 1427 1196 1475 ex
1219 1417 1332 1477 mente

215 1539 245 1587 s.
270 1512 428 1611 martyris
449 1512 544 1610 ipsos
565 1537 642 1586 csse
663 1538 808 1612 sponsos
833 1530 866 1587 et
887 1541 1060 1613 sponsas„
1073 1515 1109 1588 id
1131 1531 1184 1590 est
1201 1533 1331 1592 contra·

215 1627 351 1714 hentes‚
374 1628 433 1726 qui
453 1629 585 1725 nuptias
598 1630 743 1726 socient,
760 1629 910 1729 episcopi
924 1656 1002 1703 vero
1017 1631 1217 1705 sententiam
1228 1633 1329 1707 unice

217 1769 257 1817 eo
283 1755 448 1844 spectare,
473 1759 511 1816 ut
535 1744 673 1843 nuptiae
697 1743 759 1844 rite
783 1744 953 1833 ineantur,
986 1771 1063 1819 cum
1096 1746 1173 1844 ipse
1209 1745 1329 1820 fideles

216 1857 381 1933 nubentes
405 1859 551 1956 dirigere
576 1857 697 1932 debeat
720 1859 862 1932 eonsilio
886 1875 919 1932 ct
942 1860 1136 1937 auctoritate
1164 1886 1239 1935 sus.
1269 1862 1332 1937 lm·

216 1973 361 2047 mediate
378 1974 469 2046 enim
487 1990 563 2047 ante
581 1974 719 2047 recitata
735 1974 838 2048 verba
862 1975 929 2049 iam
946 1974 1076 2049 dixerat
1092 2001 1123 2048 s.
1142 1990 1270 2076 martyr
1287 1976 1330 2050 de

213 2115 267 2175 eo,
277 2089 342 2188 q'pi
350 2105 463 2162 manet
480 2089 515 2160 in
529 2089 698 2163 castitate:
721 2089 783 2161 «Si
798 2115 836 2162 se
848 2089 1009 2163 maiorem
1022 2090 1181 2191 episcopo
1197 2106 1324 2179 censet,

214 2219 390 2277 interut'»
1056 2219 1059 2223 “

259 2363 262 2367 -
284 2320 353 2393 Nec
378 2320 479 2395 aliam'
497 2319 655 2395 exhibent
671 2345 701 2393 s.
718 2319 865 2418 Cyrillus
892 2319 977 2393 alex.
996 2335 1030 2393 et
1054 2345 1086 2392 s.
1101 2319 1326 2419 Epiphanius.

207 2433 343 2511 ‚litenim
369 2461 398 2507 s.
424 2434 570 2534 Cyriilus
596 2434 730 2509 scribit:
755 2435 867 2534 «lpse
891 2434 1047 2511 Christus
1073 2435 1235 2511 invitatus
1263 2435 1330 2532 (ad

213 2550 370 2648 nuptias)
399 2551 511 2637 venit,
539 2566 576 2623 ut
601 2551 828 2647 generationis
853 2551 1056 2652 principium
1081 2551 1326 2638 sanctificaret,

212 2670 304 2768 quod
329 2671 373 2742 ad
398 2697 532 2743 carnem
558 2671 715 2744 nimirum
745 2671 872 2744 attinet.
903 2670 1129 2745 Conveniebat
1151 2668 1265 2755 enim,
1290 2684 1331 2742 ut

212 2786 272 2884 qui
290 2801 443 2859 naturam
463 2786 610 2859 hominis
637 2796 856 2860 renovaturus
882 2802 973 2860 crat.
995 2844 1003 2858 .
1023 2812 1111 2860 .non
1132 2784 1243 2859 solum
1265 2783 1327 2872 iis,

212 2901 332 2999 quiin
362 2916 471 2976 ortum
500 2902 749 2989 vocaberunt,
779 2901 1047 2976 benedictionem
1077 2898 1325 2998 impertiretur,

200 3017 272 3091 md
297 3019 400 3092 otiis
428 3044 584 3118 quoque,
612 3019 670 3120 qui
702 3033 819 3118 postea
849 3018 1012 3091 nascituri
1033 3032 1160 3104 essent,
1184 3015 1327 3113 gratiam

200 3135 462 3232 -praestitneret,
491 3149 524 3208 et
553 3161 668 3208 eorum
697 3150 806 3208 ortum
837 3148 989 3208 sanctum
1019 3132 1164 3206 efficeret
1191 3132 1324 3226 (14).)

213 3247 354 3320 Sanctus
383 3276 463 3322 vero
491 3250 702 3350 Epiphanius
733 3250 934 3350 probaturus
964 3249 1125 3322 adversus
1143 3246 1329 3321 flieraoam

211 3359 371 3437 honestas
397 3366 531 3464 nuptias
556 3376 686 3441 esse'et
706 3391 728 3439 a
751 3367 821 3439 Deo
846 3364 1021 3465 probatas,
1046 3389 1157 3462 neque
1177 3386 1200 3436 a
1224 3388 1328 3459 regno

209 3477 271 3551 nsi
290 3481 541 3556 matrimonium
558 3482 714 3556 ineuntes
733 3481 883 3568 excludi,
907 3510 925 3550 r<
940 3477 1154 3553 venerabiies
1170 3503 1249 3552 esse
1267 3505 1328 3551 nu·

209 3594 316 3693 ptias,
340 3596 466 3696 inquit,
487 3597 606 3671 achei
626 3597 796 3697 aspirante
814 3597 922 3695 gratia
941 3597 1086 3669 caeleste
1106 3600 1247 3690 regnum
1265 3593 1327 3668 ob-

198 3709 337 3799 tinere,
353 3713 444 3812 'quis
468 3713 520 3787 vel
545 3741 586 3788 ex
611 3741 652 3789 eo
666 3723 744 3790 ¹non
772 3728 971 3812 cognoscat,
999 3712 1090 3812 quod
1120 3711 1165 3784 ad
1190 3710 1327 3810 nuptias

207 3913 338 3983 omniurn,
355 3914 383 3961 tn
394 3912 497 3962 Christo
507 3916 532 3963 et
542 3916 570 3963 tn
580 3914 702 3976 ecclesio,
715 3914 898 3978 praedicaverat
908 3912 1039 3976 Apostolus
1050 3910 1082 3960 ad
1092 3909 1181 3974 Ephes.
1193 3911 1236 3970 V„
1246 3907 1278 3958 ab
1288 3920 1327 3958 ec·

205 3980 442 4055 desiaeprimordiis
451 3995 550 4043 cautum
561 3996 609 4057 est,
622 4007 653 4044 ns
664 3995 735 4044 atiter
742 3993 805 4044 titud
816 3993 918 4056 inirent,
929 4005 1004 4056 quam
1012 4002 1095 4041 coram
1106 3987 1246 4051 sacerdote,
1254 3986 1326 4039 cuius

208 4068 375 4131 benedictione
397 4072 587 4138 quodammodo
606 4070 783 4138 obsigusrctur.
804 4074 885 4125 Huius
899 4072 1046 4137 disciptinae
1063 4068 1233 4126 tetimonium
1253 4066 1326 4127 nobis

207 4152 334 4216 perhibent
345 4154 509 4216 antiquissimi
521 4158 626 4218 patres.»

279 4232 329 4296 (tt)
344 4233 420 4297 Epist.
430 4234 462 4284 ad
472 4235 599 4303 Polycarp.
607 4248 662 4299 cap.
673 4238 700 4285 V.
708 4235 748 4285 cd.
758 4235 837 4285 cotei.

278 4312 329 4376 (tt)
344 4314 399 4367 tib.
409 4317 441 4366 11.
450 4315 476 4367 in
491 4317 526 4366 lo.
537 4329 591 4381 cap.
603 4315 687 4367 theti.
697 4315 774 4367 Paris.
785 4321 853 4366 1638.
