2872 5062
242 348 286 426 lo
428 372 503 428 ιιι.
524 375 548 426 ι.
571 371 657 426 sacr.
679 377 703 425 ι.
724 373 764 425 ιι
782 371 912 427 artata.
935 373 1146 428 sacrararum.
1228 377 1247 384 ··

240 489 403 566 babentes
431 515 493 579 oa,
522 493 670 592 quaein
703 493 923 566 sacramentis
950 492 1200 590 significantur,
1228 493 1350 575 uirtute

240 606 376 682 caelesti
400 607 472 682 bari
496 608 629 702 (bb),a
646 622 683 678 ut
708 604 792 678 alios
818 623 1022 705 praeteream
1049 610 1137 704 (26).

246 756 268 777 ·-
313 723 473 798 llamdcm
489 748 567 797 osse
583 720 799 796 iacobitarum
816 739 850 795 et
865 740 1040 822 captorum
1059 724 1175 811 fidem,
1192 726 1288 800 testis
1300 743 1352 800 cst

241 837 407 939 Iosephus
426 838 629 911 Abudacnus
647 838 681 910 in
698 838 860 937 opusculo
876 839 919 911 de
936 862 1050 912 corum
1074 833 1236 915 institutis
1257 838 1346 938 (27).

240 953 341 1027 addit
364 975 444 1028 vcro
467 946 718 1025 cruditissimus
742 951 797 1024 bis
823 952 1018 1051 praesertim
1044 953 1078 1025 in
1103 953 1206 1027 rebus
1229 955 1351 1055 loseph

238 1068 354 1142 Simon
378 1067 600 1141 Assomanus:
625 1066 707 1139 «Ad
729 1081 942 1140 'sacramenta
962 1068 1052 1167 quod
1074 1085 1217 1168 spectat,
1241 1086 1353 1170 septe⁴

240 1184 373 1257 narium
389 1205 504 1257 corum
520 1209 707 1270 numerum,
724 1181 835 1282 qualis
853 1182 895 1256 ab
912 1179 1055 1256 ecclesia
1071 1183 1237 1258 catholica
1253 1211 1353 1283 agno-

138 1283 145 1301 ⁶
240 1298 361 1383 amour,
382 1298 473 1397 apud
496 1291 655 1371 iacobitas
677 1295 927 1372 sacrosanctam
949 1323 1025 1373 csse
1045 1296 1152 1397 liquot
1172 1324 1212 1372 ox
1237 1325 1353 1373 corum

242 1411 419 1486 ritualibus
444 1430 477 1486 ot
501 1407 751 1513 pontificalibus
780 1411 898 1501 libris,
926 1439 1068 1513 quorum
1098 1412 1268 1512 exemplar
1292 1415 1354 1486 nti·-

238 1527 370 1602 chaelis
389 1530 461 1625 (28)
486 1527 696 1628 patriarchae
712 1527 908 1602 auctoritate
924 1527 1054 1607 editum
1068 1527 1232 1602 habemus
1249 1529 1286 1600 in
1302 1528 1354 1601 bia

240 1641 407 1716 bliotlssca
431 1642 599 1729 vatianus,
626 1641 761 1740 longum
778 1658 889 1719 autem
907 1641 965 1715 bic
983 1642 1067 1715 lorct
1083 1665 1256 1716 mcensera
1275 1643 1353 1718 ¹cius

239 1757 354 1856 gentis
371 1755 570 1858 scriptorum
591 1784 710 1857 opera,
730 1783 819 1857 quac
839 1756 1049 1833 sacramenta
1070 1754 1232 1832 ecclcsiae
1251 1752 1285 1831 et
1301 1759 1354 1830 di*

239 1873 320 1947 vina
343 1870 453 1947 officia
477 1873 586 1952 doctis
602 1927 605 1932 -
619 1867 880 1947 commentariis
894 1867 1120 1960 illustrarunt,
1147 1889 1186 1946 nt
1210 1874 1352 1953 loannes

239 1990 416 2076 Damasia,
438 1990 554 2063 lloscs
569 1983 759 2087 llaroopha,
784 1981 967 2088 Dionysius
988 1987 1239 2074 bursalibaeus,
1261 1989 1353 2061 laco-

239 2099 304 2178 bus
334 2105 560 2202 Tagritensis,
590 2104 766 2201 Gregorius
791 2103 1038 2176 Bar-hebraeus
1062 2102 1190 2203 aliique
1217 2105 1306 2198 (lb).
1331 2132 1348 2172 ι

234 2220 326 2293 Sane
344 2220 387 2293 dc
408 2213 618 2293 matrimonio
644 2234 814 2318 tamquam
834 2218 878 2290 dc
895 2243 974 2291 uero
992 2232 1238 2290 sacramentoa
1255 2216 1354 2289 Gbri·

238 2351 309 2408 sto
316 2334 492 2408 Domino
483 2335 637 2408 instituto
661 2332 799 2407 disserit
826 2335 908 2406 Bar·
907 2329 1074 2410 hebraeus
1101 2331 1166 2405 sub
1190 2330 1287 2406 titulo
1304 2333 1352 2407 la

238 2451 445 2563 sponsalibus
466 2453 558 2545 (30),
581 2475 652 2522 nec
664 2475 730 2521 non
752 2449 845 2521 Aba·
845 2451 941 2522 Isaac
961 2447 1148 2520 Bcnassal
1139 2475 1175 2519 m
1194 2447 1352 2521 Noniano

240 2590 320 2636 ocor
345 2564 408 2637 sub
424 2556 529 2637 titulo
546 2565 594 2634 Dc
618 2564 825 2662 sponsalibus
849 2579 883 2636 ct
903 2565 1108 2636 matrimomo
1131 2565 1220 2659 (31)

283 2679 361 2750 De
385 2678 494 2776 captis
518 2677 672 2750 iacobitis
690 2676 828 2777 speciali
849 2678 975 2752 ratione
994 2677 1165 2751 disserens
1187 2677 1347 2751 Sollcrius

241 2788 324 2866 haee
344 2793 462 2866 habet:
487 2823 504 2863 ι
522 2794 611 2864 Inter
627 2809 835 2866 sacramenta
852 2819 967 2867 verum
985 2810 1018 2866 et
1035 2794 1206 2892 proprium
1224 2792 1349 2865 habere

239 2904 352 2984 losum
380 2907 691 3004 (matrimonium),
713 2926 751 2982 ut
775 2925 904 2982 caetera
925 2910 1089 2994 omittam,
1113 2934 1153 2980 ex
1174 2934 1214 2982 eo
1237 2923 1351 3008 aperte

239 3019 432 3113 coniicitur,
450 3025 541 3125 quod
561 3024 719 3098 sacerdos
739 3024 940 3099 nubentibus
959 3025 1141 3111 assistens,
1162 3039 1196 3096 et
1212 3048 1351 3097 consue·

310 3212 352 3274 (aa
353 3213 364 3276 )
377 3212 625 3262 Etenimrtsscmanus
637 3213 698 3262 tom
710 3214 753 3260 111
764 3211 888 3262 Btbbotb.
899 3213 991 3261 orient.
1002 3213 1063 3277 part
1074 3213 1105 3259 lt.
1113 3222 1168 3274 pag.
1179 3211 1272 3275 CCXL
1281 3221 1353 3271 agam

240 3290 274 3340 dc
284 3288 465 3354 synochalduels
478 3285 622 3340 nestorianis
628 3303 686 3363 ,qur
680 3289 868 3340 'commentaria
878 3277 1007 3339 ediderunt
1015 3288 1080 3338 circa
1091 3289 1183 3351 septem
1191 3270 1352 3349 sacramanta,

240 3370 268 3426 ia
280 3383 385 3434 quanm
402 3382 504 3424 numero
517 3360 701 3426 naumurum
715 3369 863 3431 includunt,
882 3370 945 3420 inter
961 3368 1022 3419 otios
1037 3369 1062 3418 hi
1071 3368 1103 3418 ab
1114 3380 1143 3419 co
1153 3366 1303 3423 romaum
1317 3379 1351 3421 to

240 3454 383 3511 momatur:
399 3449 496 3514 barses,
507 3453 634 3514 litonum,
642 3454 691 3503 Ios.
704 3453 833 3514 inunita,
844 3453 892 3502 los.
902 3449 1187 3513 Adiabenusilbediesua
1196 3449 1353 3512 timuimus,

239 3535 275 3582 lo.
287 3531 463 3599 Phiophonsis,
473 3531 748 3595 AbrabamBarNJLipho
755 3532 872 3595 Cyriacus
884 3530 989 3594 Nisibis,
1006 3529 1206 3593 lo.Bar·Abgan,
1218 3530 1284 3580 Elias
1294 3531 1350 3580 Βιι·

237 3612 352 3675 Mus,
367 3611 487 3676 Georgius
501 3613 610 3664 immae.

236 3755 237 3760 γ
312 3693 363 3760 (tat
378 3692 446 3759 loia
457 3694 525 3753 out
532 3696 651 3763 litant
662 3696 684 3750 1
694 3706 750 3764 aas
763 3700 871 3770 totila

312 3772 362 3835 (27)
378 3772 450 3831 Quod
465 3766 554 3823 oxonii
565 3772 640 3823 latine
650 3765 742 3836 prodiit
755 3765 795 3827 ιι
809 3775 876 3823 toto.

240 3846 244 3853 ’
311 3853 362 3916 (aa)
378 3849 426 3912 llio
442 3851 547 3903 nichao}
563 3854 724 3914 cognomento
740 3864 852 3914 masuam
862 3850 887 3900 io
901 3851 963 3902 reric
980 3850 1175 3914 patriacharum
1190 3815 1353 3900 iacobllurtrm

238 3932 386 3982 recusimus
396 3931 516 3981 claruit
495 3943 560 3980 circa
570 3943 609 3981 aa
622 3937 680 3981 1190
701 3929 816 3993 Adeoque
825 3943 874 3983 sac
883 3932 935 3980 xrt
942 3929 1121 3980 trocritualium
1132 3927 1257 3992 exemplar
1273 3940 1355 3978 exara

238 4014 291 4062 tunt
306 4013 351 4062 est.

311 4091 362 4154 (aa)
378 4090 503 4142 stoomo.
519 4091 829 4141 crassissimam.
843 4089 1045 4154 mmooapbuttt
1055 4091 1122 4139 o.·v.
1136 4087 1168 4138 dc
1178 4089 1352 4138 ιαεναιιιειιιιι

238 4171 370 4223 ecelesiae.
1317 4199 1319 4203 ,

311 4253 361 4316 (ao)
376 4256 404 4303 ln
423 4254 703 4312 morootrecuonom,
723 4265 764 4302 seu
782 4255 899 4316 Epitooae
916 4250 1301 4303 oculatasttcomtmcatronam.

311 4333 361 4396 (at)
376 4335 441 4383 Part.
456 4336 488 4383 ΙΙ.
501 4346 555 4396 asp.
570 4334 601 4382 ΙΙ.
