2872 5062
355 387 424 437 mr.
437 387 483 437 111.
497 388 536 436 os
554 387 685 438 unrnrn.
702 381 1007 437 omnisonae-anu.
1025 387 1049 436 n
1070 397 1074 429 τ
1201 364 1269 435 29⁹

162 505 208 577 ita
226 530 264 578 se
287 505 402 604 inique
421 531 535 601 gerere
561 530 631 590 eos,
660 504 718 602 qui
744 503 815 577 illis
841 503 1056 578 moderantur
1079 504 1210 601 regnis,
1237 507 1272 578 in
1353 518 1355 522 ’

161 619 287 720 quibus
322 619 441 716 religio
472 619 667 707 catholica,
704 619 822 718 religio
851 620 951 693 unica
979 636 1014 694 et
1037 619 1208 694 dominans
1233 647 1274 694 ex

160 735 235 833 lege
259 735 439 809 constituta
464 762 503 809 ao
527 734 697 809 declarata
721 751 783 810 est.
1307 738 1310 744 ’

199 902 200 905 =
234 851 330 926 Certe
354 852 512 951 nuspiam
533 868 633 926 antea
651 853 845 927 societatem
868 852 1018 927 vidimus
1044 851 1128 927 adeo
1153 862 1274 926 nutan-

161 983 247 1051 tem,
275 975 313 1040 ut
337 981 446 1040 aetate
470 966 536 1039 hac
560 983 694 1055 nostra,
715 996 756 1042 ex
774 994 842 1068 quo
860 968 1020 1042 nimirum
1045 967 1274 1066 perniciosum

159 1083 328 1157 eiusmodi
353 1083 557 1182 principium
581 1084 735 1184 irrepsit,
761 1084 1008 1184 impiorumque
1033 1109 1072 1157 ac
1098 1109 1273 1182 perverso.

160 1225 235 1271 rum
262 1198 474 1297 politicorum
507 1216 636 1272 mentes
667 1199 856 1297 occupavit.
885 1200 1075 1299 Numquam
1101 1199 1187 1272 adeo
1210 1198 1273 1272 lre·

159 1330 305 1412 quentes
326 1313 444 1387 ciuiles
461 1331 573 1388 motus
590 1341 631 1387 ao
649 1314 897 1413 perduelliones
915 1314 1043 1414 experti
1066 1340 1196 1388 sumus.
1211 1314 1274 1389 Vs·
1351 1323 1355 1331 '

160 1457 234 1502 rum
259 1430 372 1503 ethis
398 1431 582 1531 sepositis,
612 1446 765 1530 reputent
789 1431 880 1532 opud
906 1458 944 1504 se
969 1430 1272 1531 pseudosspolitici,

159 1548 251 1648 qood
268 1548 360 1621 Deus
377 1547 561 1647 aliquando
585 1547 796 1622 iudicaturus
814 1548 859 1623 sit
874 1549 982 1622 civem
1000 1574 1040 1623 ac
1057 1548 1274 1646 religiosum,

157 1662 332 1761 principes
346 1689 387 1736 uo
402 1662 576 1750 subditos,
592 1663 737 1763 populos
754 1690 795 1739 ac
811 1663 1065 1762 legumlatores,
1081 1663 1140 1762 qui
1154 1689 1274 1763 quum-

158 1777 307 1876 primum
333 1778 496 1850 rationem
522 1778 662 1851 reddent
684 1779 733 1865 ei,
762 1779 822 1877 qui
847 1779 1059 1853 iudicaturus
1083 1794 1135 1851 est
1159 1776 1274 1852 orbem

160 1909 281 1966 terrae,
295 1893 330 1965 in
356 1894 536 1993 aequitate.
564 1895 682 1966 Dicam
707 1910 740 1967 et
763 1895 860 1981 istis,
888 1895 980 1993 quod
1005 1894 1160 1994 quamvis
1185 1921 1275 1967 nuno

160 2007 213 2079 dii
235 2007 323 2081 inter
347 2007 502 2083 homines
527 2008 684 2082 dicantur
699 2008 744 2082 ob
766 2009 1089 2108 supereminentium
1107 2035 1147 2082 ac
1164 2008 1276 2108 digni-

161 2137 263 2194 tatem
289 2149 359 2220 qua
383 2122 536 2221 pollent,
559 2139 592 2196 et
617 2123 834 2220 magistratus
860 2149 947 2223 quos
972 2139 1144 2196 exercent:
1176 2125 1276 2196 «Ve-

160 2253 350 2310 rumtamen
372 2264 432 2311 vos
457 2264 575 2311 omnes
602 2239 691 2310 sicut
716 2239 870 2312 homines
896 2238 1104 2324 moriemini,
1124 2253 1158 2311 st
1173 2239 1272 2337 quasi

160 2377 250 2424 unus
274 2353 319 2424 de
343 2353 553 2452 principibus
579 2353 708 2426 cadetis
727 2356 817 2448 (6).»

518 2520 520 2522 ’
575 2548 784 2605 laricanus
804 2550 840 2604 n.

183 2695 333 2771 Quotquot
352 2695 509 2767 deliberate
527 2713 564 2756 oc
584 2699 712 2772 posttire
726 2697 764 2756 sd
784 2696 877 2773 legem
898 2697 934 2756 de
954 2696 1143 2765 Matrimonlo
1163 2697 1245 2756 nielli
1272 2728 1274 2754 ;

170 2853 173 2859 ,
200 2851 212 2882 ,Α
233 2872 237 2882 ¹
276 2793 425 2877 ferendam
446 2801 641 2876 concurrunt,
661 2811 725 2855 reos
745 2810 844 2854 coram
865 2795 925 2854 Deo
945 2811 978 2879 se
997 2796 1162 2881 gravissimi

521 2895 672 2967 ¹crlminis
693 2894 884 2983 constituunt.
972 2949 974 2953 .
1055 2933 1057 2936 .

234 3048 405 3148 Complexi
427 3050 482 3122 his
502 3050 615 3123 uerbis
638 3076 756 3122 sumus
782 3076 840 3123 eos
859 3075 995 3133 omnes,
1016 3049 1074 3147 qui
1093 3047 1275 3146 prudentes

160 3165 375 3265 scientesque
395 3165 543 3263 >opernm
575 3181 705 3263 ponunt
731 3165 775 3238 ad
799 3164 1036 3250 efficiendum,
1064 3178 1102 3235 ut
1126 3162 1204 3250 lex,
1233 3163 1276 3235 de

160 3304 230 3378 qua
255 3278 448 3378 loquimur,
477 3295 699 3378 proponatur,
728 3280 896 3364 foveatur,
926 3276 1117 3365 sanciatur,
1138 3277 1276 3378 potissi·
1342 3372 1344 3377 ἵ

160 3421 253 3466 mum
266 3393 324 3466 ubi
340 3394 558 3467 tridentinum
571 3395 744 3468 decretum
757 3394 965 3494 publicatum
979 3409 1042 3466 est.
1057 3393 1276 3467 Potissimum

161 3509 323 3608 inquam
350 3536 427 3582 nam
446 3510 482 3582 in
504 3510 582 3583 aliis
607 3511 708 3585 etiam
729 3511 946 3608 regionibus,
967 3510 1045 3583 lieet
1061 3510 1276 3584 matrimonia

160 3651 252 3698 mero
276 3625 390 3700 civilia
415 3626 484 3699 sint
507 3626 641 3713 ualida,
667 3626 721 3700 lex
738 3642 850 3699 tomen
875 3625 985 3700 civilis
1003 3626 1047 3699 ad
1064 3653 1105 3700 ea
1121 3626 1275 3700 alliciens

161 3766 302 3842 semper
322 3759 413 3816 esset
436 3743 605 3817 contraria
630 3741 762 3842 legibus
782 3742 965 3830 ecclesiae,
986 3742 1052 3845 hoo
1068 3759 1120 3816 est
1135 3741 1276 3841 antiquo

163 3858 252 3942 iuri,
276 3859 368 3958 qood
386 3859 468 3933 talia
485 3859 697 3933 matrimonia
722 3859 784 3932 etsi
812 3884 878 3931 non
905 3858 1037 3944 irritat,
1067 3874 1177 3930 tamen
1202 3882 1276 3953 gra·

159 3973 303 4048 vissime
328 3975 497 4074 prohibet.
525 3977 638 4049 Potest
667 3990 778 4048 autem
805 3975 978 4075 quispiam
1003 3972 1173 4073 particeps
1198 3996 1275 4045 esse

158 4088 349 4163 voluntarie
372 4090 829 4178 consilioetadhortatione,
851 4091 886 4163 in
904 4089 1050 4190 publicis
1075 4088 1273 4187 praesertim

159 4205 308 4279 comitiis
326 4232 388 4280 seu
405 4207 642 4292 conventibus,
663 4207 769 4281 multo
784 4233 865 4283 vero
881 4207 991 4305 magis
1016 4203 1157 4280 solemni
1178 4203 1276 4300 logo·

234 4358 422 4422 (nnana.
530 4381 531 4385 =
1219 4358 1221 4363 ·
