2872 5062
295 380 364 428 CAP.
384 381 419 428 11.
440 381 480 428 llll
499 381 593 430 unta.
610 379 674 430 clv.
691 380 775 430 onte.
794 361 960 430 BT'PROGR·
982 383 1053 431 Aut.
1076 385 1097 431 l.
1195 363 1263 432 259

157 499 278 572 exoriri
299 499 489 571 necessario
506 498 703 571 debuissent
716 500 964 587 contentioneS,
982 500 1189 588 collisiones,
1206 503 1273 576 dis

158 615 403 712 sensionesque
422 639 527 712 prope
551 614 745 687 innumerae
763 615 850 688 inter
875 630 1050 716 utramque
1075 626 1271 714 potestatem

156 730 421 805 ecclesiasticam
447 745 548 828 atque
569 730 718 817 civilem,
740 745 838 829 prout
855 746 962 803 aetate
985 731 1051 803 bac
1069 748 1186 805 nostra
1206 734 1272 806 be-

157 846 401 946 quentissimae
427 845 712 946 gravissimaeque
733 863 865 921 exortae
883 863 981 933 sunt,
1002 863 1104 948 etque
1120 850 1272 922 exoriun-

157 961 235 1036 tur?
255 963 403 1035 Profecto
424 987 533 1061 neque
559 963 707 1061 episcopi
733 990 906 1050 seorsum,
931 991 1040 1063 neque
1062 965 1097 1035 in
1119 965 1271 1039 conciliis

157 1078 230 1151 sive
247 1075 512 1177 provincialibus
530 1077 602 1149 sive
619 1076 863 1164 nationalibus,
880 1092 938 1149 aut
950 1079 1174 1152 oecumenicis
1193 1106 1272 1152 con-

157 1193 306 1290 gregati,
338 1218 447 1291 neque
473 1192 593 1265 summi
608 1192 795 1290 pontifices
821 1192 1002 1292 aliquando
1025 1193 1090 1266 hac
1108 1194 1151 1266 de
1167 1221 1271 1270 causa

157 1308 331 1407 conquesti
362 1323 463 1393 sunt,
493 1307 672 1380 autetiam
697 1307 899 1381 mentionem
925 1309 1069 1383 alicuius
1096 1311 1271 1385 conflictus

159 1425 318 1498 lecerunt.
347 1426 435 1521 Ergo
458 1424 598 1497 evidens
623 1439 675 1497 est
698 1424 907 1523 antiquitus,
936 1441 973 1497 ut
997 1424 1142 1498 mediam
1168 1452 1270 1524 quam

159 1555 279 1613 vocant
303 1555 444 1612 aetatem
470 1539 750 1638 praetermittam,
772 1539 814 1611 de
830 1565 898 1637 qua
916 1539 1008 1612 nulla
1024 1556 1076 1613 est
1089 1540 1269 1628 dubitatio,

158 1653 323 1729 eiusmodi
350 1679 440 1725 mere
464 1653 578 1725 civilia
602 1653 769 1726 connubia
795 1653 946 1750 ignorata
972 1655 1104 1752 penitus
1125 1655 1244 1728 fuisse.

210 1769 349 1840 -Verum
370 1769 539 1841 enimvero
564 1793 631 1840 non
656 1768 755 1841 modo
771 1794 862 1841 mere
880 1768 994 1862 civilia
1014 1770 1172 1866 ceniugia
1192 1786 1275 1843 antr-

158 1885 272 1985 quitus
298 1885 432 1957 luerunt
458 1883 595 1956 omnino
622 1883 754 1979 ignota,
790 1883 849 1955 sed
877 1882 931 1956 vel
961 1884 1042 1955 ab
1033 1911 1108 1982 ipsa
1137 1884 1273 1983 politica

158 2008 331 2129 potestate
335 1998 486 2129 penitus
517 1998 680 2085 exclusa
715 2012 814 2096 prout
842 1998 1006 2072 serebant
1024 2010 1056 2072 et
1080 2000 1133 2072 'sui
1164 2001 1273 2099 ipsius

158 2101 335 2212 sanctitas
335 2101 371 2186 et
387 2139 497 2186 mores
522 2127 628 2186 aetate
652 2111 752 2183 illa
734 2138 940 2199 communes,
962 2107 1002 2192 a'c
1010 2105 1117 2210 longe
1142 2113 1274 2214 lateque

159 2229 382 2303 domiQuantes
405 2229 511 2327 ldque
528 2228 712 2301 evincimus
734 2227 918 2301 luculenter
934 2244 1004 2300 tum
1022 2228 1185 2302 indirecte
1202 2244 1272 2300 tum

160 2340 298 2419 directe.

231 2461 397 2534 Indirecte
422 2461 585 2561 quidem,
613 2460 695 2560 quia
719 2486 786 2532 non
814 2459 921 2533 solum
945 2460 1036 2557 apud
1055 2460 1270 2546 christianos,

160 2577 220 2651 sed
234 2600 352 2687 {penes
378 2577 530 2649 ethnicos
550 2577 643 2675 ipsos
662 2601 844 2675 numquam
870 2576 1057 2673 excogitata
1083 2576 1189 2649 luerat
1214 2604 1269 2663 ea,

160 2684 297 2789 quaein
311 2691 575 2790 praesentiarum
588 2691 718 2788 passim
732 2689 859 2763 obtinet
870 2689 960 2789 apud
974 2690 1271 2789 pseudopoliticos

163 2807 329 2905 separatio
347 2805 519 2903 religionis
538 2832 559 2878 a
576 2805 746 2904 republica
772 2832 833 2878 seu
855 2805 1017 2902 regimine
1034 2805 1136 2879 civili.
1154 2808 1275 2878 Notum

161 2919 253 2993 enim
271 2937 340 3010 est,
360 2937 530 3019 receptum
549 2921 628 2994 olim
647 2922 753 2994 luisse
774 2921 819 2993 ita
846 2948 883 2993 se
907 2921 1051 2995 invicem
1079 2919 1274 3018 religionem

159 3059 201 3106 ac
223 3048 346 3108 statum
372 3036 546 3134 politicum
571 3036 688 3107 intime
713 3035 892 3131 coniungi,
914 3051 951 3106 ut
966 3062 1071 3106 unum
1090 3035 1171 3134 quid
1194 3061 1275 3108 con-

160 3149 347 3250 stituerent.
371 3151 459 3224 Hinc
475 3177 542 3224 non
560 3150 669 3224 solum
695 3150 842 3250 supremi
868 3150 1107 3247 magistratus,
1135 3166 1173 3223 ut
1197 3149 1274 3249 plu·

120 3261 126 3279 ”
143 3265 282 3337 7ιιιιιιιιιι
308 3266 494 3339 sacerdotio
524 3267 630 3339 ornati
656 3281 776 3351 erant,
806 3265 865 3338 sed
890 3264 944 3338 vel
969 3264 1035 3363 ipsi
1063 3266 1184 3362 summi
1211 3265 1275 3337 im-

113 3397 116 3401 ’
159 3379 315 3484 perantes
345 3382 592 3479 coniungebant
621 3382 824 3510 quandoque
858 3381 899 3467 inp
927 3406 964 3453 se
997 3379 1205 3478 imperialem
1236 3406 1275 3454 ac

161 3495 392 3594 pontificalem
417 3496 614 3594 dignitatem
644 3496 687 3569 ad
719 3497 879 3569 maiorem
906 3496 971 3568 sibi
1002 3521 1108 3594 penes
1133 3494 1276 3595 populos

161 3608 424 3728 conciliandam
433 3613 663 3685 auctoritatem
683 3636 723 3683 ac
739 3610 1001 3684 venerationem
1019 3609 1084 3695 Qui
1102 3625 1277 3709 propterea

159 3698 625 3825 pollebat.‘1inpiirio,hoe
617 3752 703 3824 ipso
718 3741 789 3798 erat
813 3752 964 3806 summus
991 3724 1154 3822 pontifex.
1184 3722 1276 3795 Adeo

160 3837 196 3908 id
222 3838 433 3926 invaluerat,
466 3855 503 3911 ut
527 3840 615 3912 vel
606 3840 673 3938 ipsi
699 3840 917 3940 imperatores
942 3837 1117 3911 christiani
1142 3835 1275 3909 titulum

162 3936 255 4028 bunc
274 3954 446 4084 pontilicis
472 3955 608 4030 maximi
637 3955 835 4028 retinuerint
859 3955 903 4028 ad
930 3954 1124 4027 Gratianum
1149 3977 1272 4050 usque,

162 4070 221 4168 qui
248 4071 400 4142 omnium
427 4072 557 4169 primus
588 4070 683 4143 illum
714 4070 892 4144 abdicavit.
923 4072 1142 4170 Imperatores
1177 4092 1275 4166 porro

167 4182 294 4257 ethnici
313 4243 321 4272 ,
344 4185 548 4286 quibusdam
566 4186 712 4286 exceptis
732 4179 987 4275 solemnioribus
1005 4173 1093 4258 actis
1110 4180 1272 4282 publicis,

168 4324 226 4397 per
248 4299 456 4376 sacrificulos
473 4328 513 4375 ac
530 4302 684 4376 llamines
703 4302 787 4376 ritus
806 4301 979 4397 religiosos
997 4316 1030 4377 et
1046 4313 1168 4386 cetera,
1190 4323 1277 4397 quac

968 4433 972 4441 ·
1182 4412 1205 4456 ιι
