2872 5062
162 361 205 431 52
353 380 413 430 nvn.
435 382 457 430 1.
480 380 565 429 sacr.
583 382 604 428 1.
627 381 666 428 na
692 378 822 430 urrnvv.
843 380 1060 430 srcaruunro.

161 502 238 573 tatis
256 510 536 573 sacramentorum
555 499 644 592 (l).»
661 497 722 567 llis
741 496 832 568 aliud
850 498 1027 572 adiicimus
1045 500 1272 574 testimonium

159 642 200 687 ex
224 614 365 712 allegato
390 639 465 712 cap.
481 614 535 685 Vl.
556 611 615 684 ubi
641 611 739 684 allent
763 613 907 685 rationes
933 632 1061 713 septem
1086 615 1131 687 ad
1158 618 1274 689 matri-

159 729 262 803 monii
289 729 496 802 sanctitatem
522 726 781 812 adstruendam;
810 753 908 825 porro
934 729 1076 826 septimo
1101 729 1174 802 loco
1199 756 1275 802 eam

160 844 254 942 ponit
278 869 365 942 quae
392 841 525 941 petitur:
546 870 563 909 «
576 841 625 910 Ex
644 841 720 938 ipso
743 858 968 928 sacramento,
991 868 1058 940 quo
1075 842 1188 941 ipsum
1207 870 1275 916 ma-

157 959 352 1035 trimonium
366 982 498 1031 sacrum
513 956 648 1052 signum
665 971 717 1028 est
734 955 936 1029 matrimonii
956 957 1163 1055 spiritualis,
1184 959 1275 1056 quod

159 1101 235 1148 csse
248 1073 348 1147 debet
361 1074 447 1144 iuter
459 1073 564 1144 Deum
578 1087 610 1144 et
623 1072 770 1144 animam
788 1072 1008 1144 humanam.»
1022 1070 1119 1157 Quod
1136 1073 1275 1171 quidem

158 1193 232 1264 fuse
249 1204 401 1275 enarrat,
422 1215 461 1261 ac
477 1188 611 1260 demum
629 1187 798 1261 concludit
815 1187 1033 1261 Guilielmus:
1053 1188 1122 1259 «llt
1135 1189 1275 1262 attende

158 1303 250 1403 quod
275 1304 386 1401 ipsum
397 1362 402 1376 ,.
412 1318 658 1376 sacramentum
688 1301 891 1373 matrimonii
925 1301 1141 1374 fortissimam
1175 1302 1278 1375 habet

157 1419 415 1518 impressionem
433 1417 619 1516 spiritualis
637 1417 840 1490 matrimonii
866 1430 1001 1516 propter
1026 1417 1273 1490 vehementiam

157 1534 445 1607 rememorationis
478 1533 600 1631 ipsius.
628 1530 774 1604 dssidue
802 1532 891 1604 euim
927 1531 1011 1604 illud
1045 1531 1271 1628 coniugibus,

158 1666 324 1750 ¹quantum
349 1651 383 1721 in
407 1650 483 1747 ipso
508 1665 576 1735 est,
602 1653 819 1734 rememorat,
841 1652 873 1720 et'
890 1647 1067 1745 imprimit,
1087 1663 1122 1719 et
1137 1664 1274 1747 propter

159 1765 222 1838 hoc
242 1764 461 1837 fortissimum
478 1781 531 1836 est
551 1761 753 1835 adiutorium
772 1777 904 1860 aparte
929 1762 1013 1847 ista,
1040 1761 1272 1836 vehementer—

160 1879 488 1981 que'impressivum
516 1876 705 1950 sanctitatis
734 1880 824 1972 (5).»

231 1994 281 2065 Ex
306 1993 360 2066 his
387 1991 586 2066 testimoniis
605 1991 704 2064 simul
724 1991 854 2064 collatis
873 1991 1061 2088 colligimus
1074 1993 1165 2090 quod
1183 1993 1277 2066 iuxta

133 2199 135 2202 y
161 2124 303 2185 mentem
325 2106 492 2210 Guilielmi
511 2104 711 2204 parisiensis
731 2108 764 2176 1.
779 2106 1028 2180 matrimonium
1045 2106 1195 2180 fidelium
1214 2108 1276 2180 ha-

157 2222 244 2299 beat,
260 2222 421 2295 rationem
442 2221 640 2295 sacramenti
659 2247 699 2292 ex
717 2247 754 2293 se
772 2220 865 2319 ipso,
887 2237 1053 2320 quatenus
1071 2237 1128 2294 ast*
1139 2223 1275 2318 signum

159 2348 291 2410 sacrum
309 2353 342 2409 et
356 2363 496 2412 sacrans
522 2336 648 2432 gratiae
669 2337 928 2422 sanctificantis,
953 2337 1095 2434 quaein
1116 2337 1275 2410 omnibus

159 2454 379 2531 sacramentis
406 2479 511 2526 novae
532 2452 617 2548 legis
643 2452 825 2537 confertum
849 2454 882 2524 2.
900 2453 991 2552 quod
1011 2454 1075 2527 hoc
1096 2453 1141 2526 sit
1160 2479 1277 2527 essen-

159 2568 237 2640 tiale
261 2568 329 2665 ipsi
355 2568 451 2664 signo
476 2566 566 2665 quod
593 2566 736 2638 habetur
761 2593 822 2665 per
854 2568 1121 2641 coniunctionem
1138 2569 1277 2642 nuben-

160 2683 262 2774 tium,
288 2707 348 2754 seu
370 2708 430 2780 per
450 2707 563 2754 corum
586 2707 808 2771 consensum,
832 2683 864 2752 3.
881 2683 971 2781 quod
991 2683 1124 2779 signum
1143 2709 1275 2755 sacrum

159 2813 191 2869 et
210 2822 352 2892 ¹sacrans
371 2822 437 2867 non
456 2795 654 2869 interveniat
671 2795 705 2866 in
724 2797 880 2893 coniugio
897 2797 1102 2895 infidelium,
1121 2798 1275 2898 adeoque

158 2911 301 2988 istorum
321 2910 525 2986 connubium
539 2937 606 2984 non
618 2911 742 2984 babeat
759 2912 920 2985 rationem
939 2913 1155 2999 sacramenti,
1178 2930 1277 3011 prout

78 3053 81 3058 ’
159 3027 260 3100 habet
285 3027 443 3104 fidelium
460 3026 671 3122 coniugium3
691 3027 823 3125 l.quod
840 3026 1030 3101 benedictio
1055 3029 1276 3102 sacerdotalis,

160 3143 297 3218 minime
323 3142 492 3243 censenda
517 3142 563 3215 sit
585 3140 778 3215 essentialis
812 3158 1019 3216 sacramento
1045 3144 1272 3231 matrimonii,

159 3283 234 3329 cum
266 3253 511 3331 sacramentum
536 3256 717 3343 habeatur,
734 3255 808 3329 uhi
834 3258 1025 3330 necessaria
1050 3284 1157 3330 causa
1178 3259 1277 3332 iuter·-

157 3370 328 3458 ven'iente,
349 3371 537 3446 benedictio
557 3371 773 3445 sacerdotalis
799 3372 973 3445 omittitur.
991 3372 1061 3445 Hoc
1081 3398 1159 3446 vero
1184 3373 1276 3445 affir-

159 3486 242 3558 mari
261 3475 481 3584 non‘posset,
503 3487 532 3559 si
550 3486 777 3563 sacerdotalis
793 3485 983 3587 benedictio
1005 3487 1048 3559 ad
1073 3488 1275 3574 sacramenti

160 3600 299 3673 sormam
327 3616 428 3698 atque
449 3600 536 3675 adeo.
555 3601 597 3672 ad
620 3601 694 3673 eius
715 3601 897 3674 essentiam
922 3618 1107 3700 spectaret3
1132 3606 1165 3674 5,
1183 3603 1274 3701 quod

159 3715 299 3812 proinde
317 3715 482 3790 eiusmodi
499 3700 862 3790 benedictio-at.oratio
881 3716 1097 3815 superveniat
1119 3717 1275 3813 coniugio

159 3829 226 3902 iam
243 3840 434 3917 contracto,¹
456 3857 516 3904 seu
534 3831 961 3906 sacramentomatrimonii
979 3831 1216 3904 iamconlec'to·
1233 3830 1276 3902 ad

158 3944 350 4036 ulteriorem
370 3946 476 4018 a'Deo
489 3946 745 4045 'impetrandam
767 3946 999 4032 sanctitatem,
1020 3945 1276 4025 vninhaerente

160 4060 225 4157 ipsi
245 4059 414 4146 orationi,
436 4077 601 4160 quatenus
625 4061 767 4134 nomine
780 4061 944 4138 ecclesiae
964 4061 1115 4134 funditur
1131 4087 1156 4134 a.
1169 4085 1277 4161 sacer·

232 4247 265 4308 (l)
283 4221 395 4298 Loc.cit.
409 4262 463 4310 pag.
475 4252 529 4298 teo.
543 4249 592 4297 vol.
603 4251 633 4297 11.

76 4314 77 4317 '
177 4333 200 4375 ’,
235 4327 573 4391 (5)Ιὴί(1,ῃες.491.οο1.1.
648 4355 649 4358 ¹
