2872 5062
158 354 228 424 350
352 374 415 425 ιιι.
436 375 459 423 i.
480 372 567 424 sici.
588 374 775 424 minuar
792 371 924 423 iiiam.
939 372 1047 424 mviii.

230 494 273 566 lli
286 493 396 568 nihilo
407 512 520 566 tamen
536 496 651 566 minus
664 496 688 563 ii
701 512 795 579 sunt,
809 495 869 592 qui
890 509 1119 593 protestantur
1130 519 1171 566 se
1181 492 1274 567 nolle

158 609 333 706 religionis
352 610 496 706 negotiis
514 611 716 687 immisceri,
735 609 866 707 quique
875 609 977 680 unioe
991 609 1181 680 oonseetari
1196 634 1274 707 pro

159 725 297 798 litentur
318 727 453 822 negotia
477 725 610 810 civilia,
625 728 703 825 qui,
719 726 842 797 nevim
859 725 1088 797 oenscieutiae
1108 724 1272 807 inierant,

157 841 266 938 legem
289 841 334 913 de
356 842 526 938 ooniugiis
542 867 634 913 mere
654 839 813 913 civilibus
835 840 994 912 ineundis
1017 839 1180 912 condunt.
1202 841 1276 912 lam

157 981 237 1028 vero
257 981 406 1054 quonam
426 955 528 1028 modo
547 956 700 1039 diversa,
720 955 824 1028 immo
834 971 868 1026 et
879 955 1048 1027 bonuaria
1063 953 1167 1052 plane
1181 955 1276 1026 eius-

158 1069 250 1144 modi
271 1071 395 1166 agendi
416 1071 502 1143 ratio
525 1070 592 1142 sibi
615 1069 800 1143 cohaeret?
814 1072 932 1142 Nonne
948 1069 984 1141 id
1000 1086 1054 1142 est
1069 1069 1175 1142 verba
1191 1070 1276 1142 dare

159 1205 262 1286 atque
286 1185 454 1259 illudere?
469 1187 556 1258 llum
576 1204 753 1286 propterea
777 1187 945 1258 eiusmodi
970 1186 1129 1258 homines
1144 1211 1189 1256 ex
1203 1211 1276 1256 una

159 1319 256 1402 parte
279 1303 509 1375 eonscientiae
540 1302 728 1375 libertatem
752 1303 801 1376 uti
825 1302 1029 1401 principium
1062 1301 1277 1374 constituunt

159 1419 204 1491 ad
220 1418 509 1492 oobonestandam
520 1418 642 1516 legem,
658 1446 761 1518 quam
774 1434 979 1518 proponunt,
998 1417 1043 1489 de
1059 1417 1277 1490 matrimonio

159 1533 270 1620 civili,
285 1559 326 1605 ex
338 1532 444 1605 altera
459 1535 687 1605 eonscientiae
702 1532 890 1606 libertatem
906 1531 1158 1631 parvipendunt
1172 1546 1276 1629 atque

161 1649 379 1750 proeuleant,
411 1647 609 1748 nullamque
637 1673 779 1746 prorsus
809 1647 904 1720 illius
931 1647 1096 1719 ationem
1126 1645 1273 1730 babent,

161 1764 261 1837 laeile
275 1780 331 1838 est
344 1763 546 1837 concludere
563 1789 624 1836 eos
640 1762 807 1836 libertatis
823 1764 958 1836 nomine
974 1761 1091 1836 lallere
1102 1763 1274 1845 inuentos,

160 1903 289 1978 eosque
304 1877 479 1978 decipere,
498 1903 541 1951 ae
556 1876 787 1950 fraudulenter
798 1878 939 1950 irretire.

235 1993 373 2080 Quorw.
400 1995 543 2081 lerum,
569 1994 661 2093 quod
685 2009 788 2092 eaput
807 2011 882 2080 est,
909 1993 1037 2092 inquiri
1068 1993 1194 2066 merito
1215 2018 1278 2092 po-

162 2125 249 2196 test,
276 2136 358 2182 num
382 2110 443 2209 qui
467 2110 555 2183 adeo
578 2126 832 2209 perstreperunt
849 2109 886 2179 in
911 2107 1059 2182 eomitiis
1081 2106 1277 2206 subalpinis

162 2252 204 2300 ae
224 2226 260 2298 iii
285 2241 406 2299 senatu
433 2225 548 2323 regio,
577 2223 731 2322 phrasim
764 2223 1004 2321 ingeminando
1029 2223 1195 2295 libertatis
1225 2250 1278 2294 uo-

161 2345 336 2427 sei'eiiti'or,
364 2343 531 2415 sineeram
556 2366 818 2440 germanamque
841 2339 938 2412 illius
959 2340 1118 2412 virtutem
1151 2364 1277 2437 eogno-

162 2460 289 2544 verint,
310 2475 593 2558 perspectumque
616 2457 798 2530 habuerint
821 2457 877 2542 id,
904 2456 961 2528 eui
985 2456 1165 2554 potissime
1187 2458 1277 2528 inni-

162 2575 321 2648 tebantur
343 2576 386 2647 ad
419 2574 528 2672 legem
549 2572 821 2672 persuadendam
851 2574 896 2645 de
924 2573 1140 2645 matrimonio
1158 2572 1278 2646 uirili?

163 2689 370 2788 llesponderi
384 2707 457 2763 tuto
472 2706 602 2788 potest,
617 2693 787 2788 nepetino,
803 2689 956 2788 adeoque
967 2704 1097 2760 tantum
1110 2688 1277 2787 fragorem

162 2805 410 2903 strepitumque
422 2804 458 2874 in
470 2829 589 2876 auram
600 2804 742 2877 abiisse.
752 2805 836 2876 llam
853 2804 884 2877 si
896 2829 976 2875 vere
992 2804 1183 2890 novissent,
1194 2804 1277 2903 quid

163 2920 330 2993 libertatis
354 2919 582 2992 eonscientiae
605 2919 743 2992 nomine
765 2920 900 3005 veniat,
928 2943 1116 3016 numquam
1139 2944 1218 2993 eam
1243 2920 1277 2990 in

155 3037 311 3127 ,medium
332 3035 527 3108 attulissent
551 3035 595 3106 ad
621 3034 729 3131 legem
754 3033 1031 3132 promovendam,
1051 3032 1095 3106 de
1111 3059 1182 3132 qua
1205 3035 1277 3132 agi-

163 3179 262 3239 mus;
289 3152 461 3251 siquidem
478 3151 544 3224 boe
560 3151 673 3249 ipsum
695 3151 899 3249 principium
916 3149 1082 3222 libertatis
1100 3153 1277 3224 eonscien-

164 3270 232 3342 tiae
256 3268 320 3340 rite
343 3267 551 3340 intellectum
572 3266 680 3363 legem
704 3267 817 3364 ipsam
841 3266 1029 3339 evertisset.

237 3382 327 3467 Quid
360 3383 464 3480 igitur
492 3382 704 3479 significatur
727 3408 789 3481 per
814 3382 995 3453 libertatem
1028 3384 1279 3455 woseieatiae?

164 3497 237 3568 Non
254 3495 348 3569 aliud
367 3497 516 3595 prolecto
539 3523 643 3596 quani
668 3496 723 3568 ius
748 3523 810 3569 seu
834 3495 990 3582 laeultas,
1009 3522 1114 3595 quam
1130 3497 1279 3596 quisque

163 3612 249 3685 civis
279 3626 313 3684 et
335 3612 479 3711 quilibet
501 3613 603 3685 bomo
633 3611 736 3684 babet
759 3611 859 3711 plene
889 3612 1121 3684 satisfaciendi
1151 3613 1279 3711 obliqu-

165 3728 328 3812 ti'oiiibiie,
348 3753 435 3827 quas
455 3729 487 3800 ei
510 3727 653 3828 imponit
672 3728 810 3826 propria
834 3726 1059 3814 conscientia,
1080 3728 1167 3827 quin
1186 3727 1277 3825 leges

164 3841 282 3914 civiles
307 3843 584 3941 impedimentum
603 3840 672 3913 illis
691 3841 918 3940 adimplendis
935 3841 1204 3939 obligationibus
1220 3844 1279 3916 im·

235 4104 289 4153 Art.
304 4107 328 4153 t.
343 4123 357 4146 ι
366 4106 447 4154 Toute
455 4103 643 4152 eontrareiition
653 4116 702 4151 anx
713 4103 791 4165 reglis
802 4103 906 4153 etabltes
914 4116 959 4152 sur
970 4103 995 4153 ta
1004 4102 1124 4152 mie
1138 4103 1173 4152 de
1182 4101 1277 4152 rm·

163 4182 786 4255 tmimtougoureiemmtpomiipintiutioi,
804 4197 839 4232 on
854 4183 985 4233 eiteubon
1000 4182 1045 4232 des
1065 4181 1165 4232 m
1184 4180 1276 4232 retiati

165 4259 1275 4327 mutts,mpmteirtoiieieis,d’meinprtioniement,qutpoimeneportt

164 4340 900 4405 ‘iiiimetd’raeimeadeeitesinieisoofm
