2872 5062
246 359 315 409 aar.
329 359 373 407 iv.
384 358 424 407 on
439 357 558 408 ancos.
572 356 631 406 rao
645 357 737 407 nens.
748 357 788 406 nn
801 358 897 407 uara.
914 356 978 408 arv.
994 358 1066 408 nnn.
1083 359 1130 409 111.
1204 339 1272 410 415

158 477 348 577 posuisset,
378 500 467 574 quae
491 473 645 573 pluribus
671 474 823 575 patribus
849 476 982 562 arrisit,
1004 491 1035 548 et
1052 482 1274 576 quaepiam

158 590 251 690 apud
275 606 396 662 ueteres
420 591 540 688 lepitur
562 591 740 688 tltcolopos,
762 616 829 663 non
846 590 968 663 mutari
987 590 1144 664 videlieet
1159 619 1273 668 sacru-

156 721 330 792 ·mentum,
352 706 486 778 etiamsi
504 706 583 804 quis
606 706 778 778 materiam
800 705 944 779 alicuius
964 708 1164 781 sacramenti
1182 704 1272 782 eier-

159 838 225 908 tat,
248 822 336 895 sicut
357 848 424 895 non
448 835 595 894 mutatur
613 822 802 921 baptismus
828 823 958 896 etiamsi
977 824 1055 923 quis
1073 850 1196 923 aquam
1215 825 1276 897 im·

159 953 288 1024 mutet,
318 963 392 1009 eam
422 965 457 1008 1n
486 963 644 1037 vaporem
670 953 893 1025 convertens;
922 964 961 1011 ac
987 939 1151 1036 proinde,
1180 941 1274 1014 salva

156 1051 361 1128 sacramenti
376 1053 583 1141 substantia,
601 1052 780 1126 ecclesiam
798 1079 898 1154 posse
916 1054 1031 1127 iubere
1048 1055 1179 1128 irritum
1196 1074 1293 1130 esse·

157 1186 368 1243 contractum
393 1169 579 1269 nuptialem
606 1169 866 1258 clancularium,
890 1172 1044 1269 quicum
1070 1172 1183 1246 nullus
1209 1173 1270 1258 sit,

156 1285 298 1358 formam
331 1286 531 1358 sacramenti
557 1286 705 1386 recipere
732 1286 860 1385 nequit.
890 1285 1002 1373 Cum,
1039 1286 1207 1385 inquam,
1236 1287 1272 1358 id

153 1399 318 1473 Camillus
339 1400 543 1500 Campegius
571 1401 824 1500 proposuisset,
854 1401 897 1473 ab
922 1401 1067 1474 Antonio
1092 1416 1205 1474 tamen
1222 1401 1272 1474 De

154 1512 264 1605 Solis,
282 1519 341 1617 qui
355 1519 507 1619 proxime
524 1520 657 1594 locutus
677 1537 748 1609 est,
770 1522 801 1593 ei
819 1521 1064 1595 contradictum
1082 1538 1154 1596 est:
1176 1522 1269 1622 quia,

156 1633 331 1732 inquiebat
355 1633 430 1721 ille,
454 1635 484 1707 si
502 1662 542 1708 ea
559 1636 689 1710 ratione
714 1636 923 1710 irritarentur
947 1637 1159 1710 matrimonia
1183 1636 1274 1725 clan-

158 1747 317 1836 destina,
342 1750 509 1823 eiusmodi
536 1768 726 1825 contractus
751 1753 859 1824 nullos
884 1754 990 1850 saeerc
1015 1753 1192 1850 pertineret
1226 1751 1271 1824 ad

159 1865 243 1962 lepes
269 1880 299 1937 et
323 1868 538 1963 mapistrotus
563 1868 747 1940 seculares:
773 1894 874 1965 qnare
904 1867 1084 1940 cavendum
1115 1882 1162 1940 est
1192 1867 1273 1939 dili·

156 1994 294 2076 penter‚
325 2006 363 2051 ne
390 1979 468 2051 dum
500 1981 651 2053 ecclesiae
677 1984 902 2053 auctoritatem
926 1982 1133 2054 rescindendi
1155 1984 1273 2054 matri-

155 2095 300 2166 monium
325 2094 565 2166 clandestinum
589 2095 709 2168 uellent
734 2095 925 2180 concedere,
955 2123 1025 2168 eam
1049 2100 1161 2194 potius
1182 2112 1271 2195 potc-

157 2209 240 2280 stati
264 2210 430 2281 saeculari
440 2212 676 2307 permitterent.
693 2211 845 2282 Attamen
864 2210 899 2281 id
916 2211 1002 2282 dixit
1019 2210 1181 2298 SolisiuS,
1202 2237 1272 2283 non

154 2349 225 2422 quo
244 2323 432 2398 vindicaret
457 2325 671 2424 principibus
697 2321 906 2399 secularibus
932 2326 1020 2399 hane
1045 2340 1268 2426 potestatem,

157 2437 225 2511 imo
243 2439 324 2538 quia
342 2439 406 2512 hoc
424 2456 597 2540 tamquam
623 2440 806 2513 absurdum
834 2440 964 2540 aliquid
990 2469 1031 2513 ex
1052 2442 1272 2539 campegiana

155 2553 387 2655 disputatione
404 2557 500 2655 sequi
519 2556 659 2657 putabat
684 2556 905 2651 (canendum,
928 2557 1054 2656 inquit,
1077 2558 1267 2656 dilipentcr,

156 2669 291 2741 nedum
312 2672 463 2743 eeclesiae
484 2673 710 2743 auctoritatem
724 2672 931 2744 rescindendi
947 2675 1190 2745 matrimonium
1206 2673 1272 2746 uel·

156 2785 224 2857 lent
250 2786 438 2871 concedere,
459 2814 531 2859 eam
545 2790 657 2885 potius
674 2790 832 2885 potestati
851 2789 994 2860 seculari
1009 2791 1267 2886 permitterent),

157 2901 249 3002 quod
274 2917 386 2975 tamen
412 2903 550 2976 minime
578 2905 674 3004 sequi
700 2931 739 2977 ex
766 2904 826 2976 illa
847 2905 1020 3004 Campegii
1042 2903 1271 3004 speculatione

155 3018 320 3092 iudicavit
345 3019 545 3112 concilium,
574 3036 612 3092 ut
636 3020 758 3092 latetur
781 3020 855 3119 ipse
879 3020 1061 3105 launoius,
1091 3021 1145 3092 eui
1171 3023 1184 3116 (
1196 3044 1271 3092 con·

155 3134 254 3230 cilio)
277 3137 429 3208 inventus
452 3163 474 3207 0
493 3138 667 3233 Campepio
692 3133 898 3207 rescindendi
920 3136 1122 3207 matrimonii
1141 3134 1272 3206 clande-

158 3253 240 3322 stini
264 3251 378 3323 modus
404 3254 532 3322 omnine
554 3251 701 3349 placuit,
727 3253 859 3349 insuper
879 3252 1000 3322 deditis
1021 3248 1104 3348 ‘puae
1132 3251 1272 3323 Solisius

158 3381 273 3438 contra
299 3366 508 3438 disseruerat.
537 3362 732 3439 ludicarunt
756 3381 788 3438 et
813 3365 901 3461 regis
927 3364 1209 3437 christianissimi
1240 3382 1273 3438 et

158 3481 303 3554 aliorum
330 3481 521 3581 principum
547 3496 713 3569 oratores,
743 3481 801 3580 qui
827 3507 887 3580 per
911 3480 975 3553 hoc
999 3496 1272 3578 argumentuma

155 3596 282 3670 Solisio
300 3597 508 3697 propositum
528 3598 661 3669 excitati
683 3596 822 3669 minime
839 3596 972 3669 fuerunt
996 3597 1039 3669 ad
1065 3597 1164 3670 istam
1182 3596 1272 3695 prin-

158 3713 294 3812 cipibus
320 3713 393 3786 suis
420 3729 619 3814 potestatem
645 3713 902 3799 vindicandam,
923 3713 1014 3812 quod
1032 3713 1149 3812 procul
1169 3711 1272 3784 dubio

158 3828 270 3902 lacere
296 3830 451 3903 homines
478 3832 521 3904 ad
547 3830 659 3904 civilia
680 3830 754 3902 iura
776 3829 902 3902 tuenda
928 3856 1062 3928 semper
1087 3827 1270 3926 experrecti

156 3971 228 4018 non
251 3945 464 4032 omisissent,
486 3948 516 4018 si
535 3946 630 4046 paria
655 3972 732 4017 oum
756 3944 945 4043 Spalatensi
965 3942 1179 4043 Leunoioquc
1197 3970 1272 4016 sen-

157 4060 324 4135 sissent.»
343 4062 512 4135 Hactenus
536 4061 734 4134 Leullierius
754 4062 866 4155 (100).

233 4246 300 4308 (too)
317 4246 453 4297 Obserunt.
465 4250 506 4297 vl.
518 4247 542 4310 §.
557 4254 578 4297 1.
591 4261 644 4310 pag.
654 4253 707 4297 212.
720 4250 784 4310 Opp.
798 4247 901 4298 Leunoi.
913 4246 1051 4298 ed.colon.
1065 4246 1188 4307 mlobreg.
1203 4249 1270 4296 1732.

155 4325 220 4389 ,tomi
233 4326 275 4374 lv.
287 4339 313 4388 p.
326 4327 357 4378 ΙΙ.
1231 4347 1233 4353 Δ
