2872 5062
174 353 219 422 98
360 368 589 424 ‘urn.⁷1.sncr.
611 371 633 421 ι
657 371 697 421 ιιι
714 369 846 422 aarum.
868 368 1084 422 sscmunnro.
1111 415 1114 420 .
1199 382 1204 401 ·=

168 488 264 576 scre,
292 489 350 563 aed
374 490 619 589 consepelimur,
649 488 773 564 rectius
798 502 868 575 est,
897 503 934 561 ut
958 487 1130 589 mysteria.
1143 489 1205 562 Dei
1230 491 1285 563 in-

169 601 360 703 telligantur
392 602 472 676 fidei
506 619 640 677 nostrae
672 602 828 700 dogmata
857 627 877 674 a
905 601 976 675 Deo
1005 602 1161 676 revelata.
1190 602 1285 704 Quae

169 720 304 821 quidem
323 721 479 819 mysteria
497 719 665 807 dicuntur,
681 718 762 818 quia
780 724 1021 804 seereta'sunt,
1040 734 1078 792 ut
1095 716 1224 818 absque
1235 747 1285 793 re-

167 835 334 910 velatione
357 834 514 933 cognosci
540 852 721 934 nequeant.
736 893 743 906 .
756 892 762 905 .
774 835 847 907 Non
865 849 975 907 tamen
988 832 1099 906 abhis
1112 834 1283 934 mysteriis

168 966 376 1035 sacramanta
401 949 616 1047 novaelegis
643 975 870 1049 separamus,
888 949 948 1023 sed
974 948 1100 1048 pariter
1124 948 1188 1021 sub
1214 949 1279 1051 iis,

153 1079 204 1138 >ut
216 1067 313 1164 signa
325 1061 514 1164 corporalia
526 1065 652 1162 gratiae
666 1063 852 1163 spiritualis
865 1062 1016 1136 efficacia
1022 1048 1285 1194 comprehendi·

166 1206 256 1254 mus.
269 1175 418 1267 Quorum
439 1176 581 1354 proinde
596 1180 806 1279 dispensatio
824 1179 867 1254 ad
885 1178 1024 1253 eosdem
1040 1177 1166 1252 Christi
1183 1179 1284 1252 mini-

166 1310 254 1370 stros
279 1296 501 1424 pertineto
1054 1358 1057 1364 .
1288 1369 1289 1372 ,

164 1408 323 1481 Cum
355 1405 457 1507 igitur
489 1425 597 1484 textus
630 1409 1004 1496 fundamentalis,1mo
1029 1409 1150 1482 unicus
1179 1407 1283 1482 huius

166 1524 350 1598 sonantius
370 1520 577 1613 directenon
596 1524 735 1621 attingat
759 1523 1285 1597 sacramentorumadministra-

167 1632 307 1727 tionem,
326 1638 387 1713 sed
400 1637 627 1736 evangelicam
644 1639 945 1737 praedicationem,
965 1652 1057 1738 patet
1072 1637 1165 1710 haud
1182 1648 1283 1738 posse

166 1753 248 1827 Cani
273 1750 453 1830 sectatores
478 1755 527 1827 illi
549 1755 633 1828 adeo
658 1755 833 1829 fidenter
823 1754 942 1841 inniti,
962 1769 999 1827 ut
1016 1759 1093 1827 eum
1110 1769 1285 1853 opponant

165 1863 337 1983 tamquam
354 1871 573 1970 praecipuum
596 1869 753 1944 contrarii
778 1870 893 1971 placiti
918 1869 1155 1957 sectatoribus,
1171 1887 1284 1969 prout

164 1984 231 2084 ipsi
249 1986 386 2059 faciunt.
396 1980 554 2060 Attamen
571 2002 704 2087 praeter
719 1986 796 2074 hoc,
818 1986 982 2072 nullum
963 1985 1051 2084 ipsis
1064 1985 1215 2112 suppetit
1230 1985 1283 2059 hi-

164 2098 289 2245 llioum
314 2098 559 2189 testimonium,
588 2101 678 2202 quod
703 2101 883 2202 proferant.

166 2216 407 2303 Quoniam
423 2242 519 2306 vero,
540 2217 588 2290 uti
607 2216 787 2292 nonnulli
778 2231 980 2317 interpretes
990 2215 1279 2304 animadvertunt3

165 2330 209 2404 ab
222 2327 483 2407 hacuniversali
501 2328 731 2434 propositione
742 2359 816 2407 ‘non
834 2330 1110 2405 excludunturab
1123 2330 1284 2432 Apostolo

164 2445 268 2518 'etiam
286 2438 613 2534 sumomonta,·ideo
638 2462 670 2519 et
695 2443 829 2520 adhoc
853 2445 939 2544 ipsis
964 2444 1176 2545 eripiendum
1199 2445 1285 2519 elfu-

163 2550 279 2655 giam,
315 2559 516 2649 adnotamus
540 2559 599 2633 illa
623 2586 690 2634 non
716 2557 849 2633 excludi
877 2562 1104 2647 samamenta,
1136 2565 1282 2660 quorum

162 2672 407 2748 administratio
430 2675 610 2773 Evangelii
629 2674 851 2775 praeconibus
883 2674 1089 2749 concreditas
1103 2681 1166 2748 eet
1183 2675 1282 2748 Cum

162 2785 314 2905 proinde
327 2788 484 2886 quaestio
509 2789 652 2886 agitatur
676 2817 757 2862 num
782 2789 955 2886 coniugii
952 2789 1144 2862 ch.ristiani
1165 2799 1282 2865 ιιοιι.

162 2892 311 2976 mentum
338 2930 379 2977 ex
397 2902 472 2976 illis
491 2904 546 2992 sit,
568 2929 711 3004 quorum
736 2904 1025 2979 administratio
1002 2933 1046 2978 ns
1070 2911 1123 2978 e'st
1144 2905 1282 2979 deman.

161 3018 258 3106 data,
286 3017 389 3118 plane
412 3020 631 3119 consequitur
653 3019 736 3093 Cani
761 3019 946 3093 sententiae
970 3025 1130 3120 patronos
1151 3047 1192 3094 ex
1213 3022 1279 3096 hoc

161 3147 251 3208 textu
277 3134 362 3208 nihil
387 3131 573 3234 proficere,
595 3136 669 3208 :nisi
693 3151 870 3208 assumant
893 3136 984 3234 quod
1010 3139 1063 3210 est
1087 3137 1123 3208 in
1148 3153 1280 3211 oontm

159 3249 271 3328 versia
294 3243 454 3347 positum.
473 3251 713 3347 Tanto'magis
738 3250 828 3350 quod
854 3251 1100 3350 propositiones
1125 3255 1274 3337 nicona,

159 3376 197 3434 ut
221 3360 403 3461 loquuntur
427 3363 547 3460 logici,
568 3391 629 3437 sen
646 3363 812 3463 positivae
829 3379 862 3436 et
878 3364 1098 3454 affirmantes,
1120 3393 1190 3441 nou
1209 3367 1278 3441 sint

159 3475 386 3564 universales,
415 3495 513 3575 prout
537 3493 699 3575 negantes
725 3493 826 3577 atque
851 3479 1079 3554 excludentes.

194 3693 197 3695 d
231 3589 370 3665 Accedit
392 3593 483 3691 quod
509 3592 610 3678 lateat
640 3592 870 3692 aequivocatio
896 3594 931 3665 in
955 3619 1038 3669 voce
1062 3593 1279 3694 dispensatio

158 3706 223 3791 oie,
242 3731 304 3778 seu
317 3706 617 3783 administrationis
639 3724 938 3797 sacramentorum,
965 3736 1065 3808 quam
1092 3709 1182 3788 sumi
1209 3725 1280 3784 tum

158 3820 267 3951 possit
276 3846 338 3952 pro
348 3835 632 3952 sacramentorum
641 3823 848 3950 confectione,
857 3838 927 3895 turn
941 3847 1002 3925 pro
1016 3822 1278 3896 eorumdem'ad-

156 3935 411 4018 ministrationis
425 3934 598 4034 regimine;
610 3935 826 4065 priorisensu
831 3964 912 4036 qur
922 3944 1132 4014 sacramenta
1140 3936 1277 4038 drspen

157 4075 233 4125 sare
249 4051 423 4139 dicuntur,
449 4067 528 4124 sunt
553 4052 623 4124 veri
649 4051 816 4125 ministri:
845 4053 1023 4150 posteriori
1043 4078 1123 4150 vero
1143 4069 1222 4126 non
1233 4053 1277 4127 ιι-

156 4165 437 4262 gnificanturnisr
428 4139 642 4251 eorumdem
655 4144 880 4241 moderatores
891 4169 975 4267 ,qui
990 4194 1110 4270 nempe
1123 4184 1275 4275 ea5quaa

155 4279 199 4362 ad
212 4281 358 4357 validam
376 4280 625 4387 legitimamque
643 4299 925 4357 sacramentorum
949 4282 1273 4359 administrationem
