<?xml version="1.0" encoding="UTF-8"?>
<!DOCTYPE html PUBLIC "-//W3C//DTD XHTML 1.0 Transitional//EN"
    "http://www.w3.org/TR/xhtml1/DTD/xhtml1-transitional.dtd">
<html xmlns="http://www.w3.org/1999/xhtml" xml:lang="en" lang="en">
 <head>
  <title>
</title>
<meta http-equiv="Content-Type" content="text/html;charset=utf-8" />
  <meta name='ocr-system' content='tesseract 3.04.00' />
  <meta name='ocr-capabilities' content='ocr_page ocr_carea ocr_par ocr_line ocrx_word'/>
</head>
<body>
  <div class='ocr_page' id='page_1' title='image "./dematrimoniochr00perrgoog_0399.png"; bbox 0 0 2872 5062; ppageno 0'>
   <div class='ocr_carea' id='block_1_1' title="bbox 158 344 1157 414">
    <p class='ocr_par' dir='ltr' id='par_1_1' title="bbox 158 344 1157 414">
     <span class='ocr_line' id='line_1_1' title="bbox 158 344 1157 414; baseline -0.003 0"><span class='ocrx_word' id='word_1_1' title='bbox 158 344 227 414; x_wconf 78' lang='lat'>380</span> <span class='ocrx_word' id='word_1_2' title='bbox 363 366 468 414; x_wconf 71' lang='lat' dir='ltr'>nin-v.</span> <span class='ocrx_word' id='word_1_3' title='bbox 491 364 576 414; x_wconf 83' lang='lat' dir='ltr'>scer.</span> <span class='ocrx_word' id='word_1_4' title='bbox 598 364 788 413; x_wconf 75' lang='lat' dir='ltr'>aurumne</span> <span class='ocrx_word' id='word_1_5' title='bbox 805 362 1060 413; x_wconf 71' lang='lat' dir='ltr'>unanimorum.</span> <span class='ocrx_word' id='word_1_6' title='bbox 1098 383 1105 399; x_wconf 50' lang='grc' dir='ltr'><em>ι</em></span> <span class='ocrx_word' id='word_1_7' title='bbox 1154 358 1157 363; x_wconf 77' lang='grc'>’</span> 
     </span>
    </p>
   </div>
   <div class='ocr_carea' id='block_1_2' title="bbox 61 479 1269 2650">
    <p class='ocr_par' dir='ltr' id='par_1_2' title="bbox 129 479 1268 1501">
     <span class='ocr_line' id='line_1_2' title="bbox 155 479 1268 580; baseline -0.002 -23"><span class='ocrx_word' id='word_1_8' title='bbox 155 484 236 557; x_wconf 90' lang='lat' dir='ltr'>dent</span> <span class='ocrx_word' id='word_1_9' title='bbox 258 484 295 554; x_wconf 90' lang='lat' dir='ltr'>in</span> <span class='ocrx_word' id='word_1_10' title='bbox 319 483 416 556; x_wconf 89' lang='lat' dir='ltr'>nobis</span> <span class='ocrx_word' id='word_1_11' title='bbox 443 482 571 555; x_wconf 90' lang='lat' dir='ltr'>romani</span> <span class='ocrx_word' id='word_1_12' title='bbox 602 480 777 580; x_wconf 87' lang='lat' dir='ltr'>pontifices</span> <span class='ocrx_word' id='word_1_13' title='bbox 803 479 893 579; x_wconf 89' lang='lat' dir='ltr'>quod</span> <span class='ocrx_word' id='word_1_14' title='bbox 920 479 954 551; x_wconf 94' lang='lat' dir='ltr'>in</span> <span class='ocrx_word' id='word_1_15' title='bbox 980 480 1099 553; x_wconf 87' lang='lat' dir='ltr'>ceteris</span> <span class='ocrx_word' id='word_1_16' title='bbox 1125 480 1268 555; x_wconf 88' lang='lat' dir='ltr'>tolerant</span> 
     </span>
     <span class='ocr_line' id='line_1_3' title="bbox 156 595 1265 697; baseline 0 -28"><span class='ocrx_word' id='word_1_17' title='bbox 156 595 321 697; x_wconf 80' lang='lat' dir='ltr'>populis?</span> <span class='ocrx_word' id='word_1_18' title='bbox 352 597 502 670; x_wconf 79' lang='lat' dir='ltr'><strong>Profecto</strong></span> <span class='ocrx_word' id='word_1_19' title='bbox 528 622 588 669; x_wconf 91' lang='lat' dir='ltr'>nec</span> <span class='ocrx_word' id='word_1_20' title='bbox 614 620 734 668; x_wconf 87' lang='lat' dir='ltr'>nomen</span> <span class='ocrx_word' id='word_1_21' title='bbox 766 609 942 680; x_wconf 87' lang='lat' dir='ltr'>nostrum,</span> <span class='ocrx_word' id='word_1_22' title='bbox 972 619 1033 666; x_wconf 91' lang='lat' dir='ltr'>nec</span> <span class='ocrx_word' id='word_1_23' title='bbox 1066 619 1265 692; x_wconf 86' lang='lat' dir='ltr'>progressus</span> 
     </span>
     <span class='ocr_line' id='line_1_4' title="bbox 129 709 1262 810; baseline -0.003 -26"><span class='ocrx_word' id='word_1_24' title='bbox 129 732 130 735; x_wconf 75' lang='grc'>’</span> <span class='ocrx_word' id='word_1_25' title='bbox 156 729 269 786; x_wconf 87' lang='lat' dir='ltr'>noster</span> <span class='ocrx_word' id='word_1_26' title='bbox 292 711 375 785; x_wconf 86' lang='lat' dir='ltr'>leret</span> <span class='ocrx_word' id='word_1_27' title='bbox 390 738 551 810; x_wconf 88' lang='lat' dir='ltr'>umquam</span> <span class='ocrx_word' id='word_1_28' title='bbox 577 727 615 784; x_wconf 92' lang='lat' dir='ltr'>ut</span> <span class='ocrx_word' id='word_1_29' title='bbox 638 709 779 782; x_wconf 86' lang='lat' dir='ltr'>minoris</span> <span class='ocrx_word' id='word_1_30' title='bbox 805 709 926 782; x_wconf 88' lang='lat' dir='ltr'>fiamus</span> <span class='ocrx_word' id='word_1_31' title='bbox 950 709 1069 783; x_wconf 88' lang='lat' dir='ltr'>ceteris</span> <span class='ocrx_word' id='word_1_32' title='bbox 1094 710 1262 806; x_wconf 82' lang='lat' dir='ltr'>gentibus.</span> 
     </span>
     <span class='ocr_line' id='line_1_5' title="bbox 156 822 1266 924; baseline -0.002 -24"><span class='ocrx_word' id='word_1_33' title='bbox 156 826 255 914; x_wconf 79' lang='lat' dir='ltr'>Quod</span> <span class='ocrx_word' id='word_1_34' title='bbox 283 827 313 899; x_wconf 89' lang='lat' dir='ltr'>si</span> <span class='ocrx_word' id='word_1_35' title='bbox 339 826 503 900; x_wconf 92' lang='lat' dir='ltr'>eiusmodi</span> <span class='ocrx_word' id='word_1_36' title='bbox 529 825 583 898; x_wconf 85' lang='lat' dir='ltr'>lex</span> <span class='ocrx_word' id='word_1_37' title='bbox 609 825 699 924; x_wconf 90' lang='lat' dir='ltr'>apud</span> <span class='ocrx_word' id='word_1_38' title='bbox 726 823 801 897; x_wconf 89' lang='lat' dir='ltr'>illas</span> <span class='ocrx_word' id='word_1_39' title='bbox 828 822 912 895; x_wconf 86' lang='lat' dir='ltr'>nihil</span> <span class='ocrx_word' id='word_1_40' title='bbox 942 822 1051 896; x_wconf 87' lang='lat' dir='ltr'>attulit</span> <span class='ocrx_word' id='word_1_41' title='bbox 1076 827 1266 900; x_wconf 81' lang='lat' dir='ltr'>nocumenti</span> 
     </span>
     <span class='ocr_line' id='line_1_6' title="bbox 157 937 1263 1040; baseline -0.004 -25"><span class='ocrx_word' id='word_1_42' title='bbox 157 946 229 1016; x_wconf 86' lang='lat' dir='ltr'>sive</span> <span class='ocrx_word' id='word_1_43' title='bbox 254 941 405 1015; x_wconf 92' lang='lat' dir='ltr'>moribus</span> <span class='ocrx_word' id='word_1_44' title='bbox 431 941 503 1014; x_wconf 91' lang='lat' dir='ltr'>sive</span> <span class='ocrx_word' id='word_1_45' title='bbox 528 939 684 1040; x_wconf 90' lang='lat' dir='ltr'>publicae</span> <span class='ocrx_word' id='word_1_46' title='bbox 709 937 964 1037; x_wconf 73' lang='lat' dir='ltr'>tranquillitati,</span> <span class='ocrx_word' id='word_1_47' title='bbox 994 938 1065 1011; x_wconf 90' lang='lat' dir='ltr'>sive</span> <span class='ocrx_word' id='word_1_48' title='bbox 1090 938 1263 1036; x_wconf 81' lang='lat' dir='ltr'>religioni,</span> 
     </span>
     <span class='ocr_line' id='line_1_7' title="bbox 157 1051 1263 1152; baseline -0.002 -23"><span class='ocrx_word' id='word_1_49' title='bbox 157 1056 229 1129; x_wconf 90' lang='lat' dir='ltr'>sive</span> <span class='ocrx_word' id='word_1_50' title='bbox 250 1055 407 1142; x_wconf 79' lang='lat' dir='ltr'>familiis,</span> <span class='ocrx_word' id='word_1_51' title='bbox 428 1055 478 1128; x_wconf 91' lang='lat' dir='ltr'>uti</span> <span class='ocrx_word' id='word_1_52' title='bbox 497 1071 545 1130; x_wconf 92' lang='lat' dir='ltr'>tot</span> <span class='ocrx_word' id='word_1_53' title='bbox 561 1080 725 1128; x_wconf 90' lang='lat' dir='ltr'>annorum</span> <span class='ocrx_word' id='word_1_54' title='bbox 748 1051 953 1152; x_wconf 83' lang='lat' dir='ltr'>experientia</span> <span class='ocrx_word' id='word_1_55' title='bbox 970 1051 1105 1126; x_wconf 84' lang='lat' dir='ltr'>abunde</span> <span class='ocrx_word' id='word_1_56' title='bbox 1122 1070 1263 1142; x_wconf 87' lang='lat' dir='ltr'>constat,</span> 
     </span>
     <span class='ocr_line' id='line_1_8' title="bbox 158 1167 1267 1270; baseline -0.003 -26"><span class='ocrx_word' id='word_1_57' title='bbox 158 1172 286 1245; x_wconf 92' lang='lat' dir='ltr'>nullum</span> <span class='ocrx_word' id='word_1_58' title='bbox 307 1172 433 1270; x_wconf 89' lang='lat' dir='ltr'>pariter</span> <span class='ocrx_word' id='word_1_59' title='bbox 458 1188 509 1245; x_wconf 91' lang='lat' dir='ltr'>est</span> <span class='ocrx_word' id='word_1_60' title='bbox 535 1184 771 1244; x_wconf 87' lang='lat' dir='ltr'>nocumentum</span> <span class='ocrx_word' id='word_1_61' title='bbox 797 1167 990 1266; x_wconf 82' lang='lat' dir='ltr'>regionibus</span> <span class='ocrx_word' id='word_1_62' title='bbox 1016 1168 1141 1241; x_wconf 90' lang='lat' dir='ltr'>nostris</span> <span class='ocrx_word' id='word_1_63' title='bbox 1167 1170 1267 1267; x_wconf 89' lang='lat' dir='ltr'>perti-</span> 
     </span>
     <span class='ocr_line' id='line_1_9' title="bbox 157 1284 1267 1373; baseline -0.002 -13"><span class='ocrx_word' id='word_1_64' title='bbox 157 1287 399 1373; x_wconf 85' lang='lat' dir='ltr'>mescendum,</span> <span class='ocrx_word' id='word_1_65' title='bbox 428 1287 458 1360; x_wconf 91' lang='lat' dir='ltr'>si</span> <span class='ocrx_word' id='word_1_66' title='bbox 485 1287 604 1360; x_wconf 88' lang='lat' dir='ltr'>eadem</span> <span class='ocrx_word' id='word_1_67' title='bbox 636 1286 689 1359; x_wconf 85' lang='lat' dir='ltr'>lex</span> <span class='ocrx_word' id='word_1_68' title='bbox 721 1284 829 1371; x_wconf 86' lang='lat' dir='ltr'>codici</span> <span class='ocrx_word' id='word_1_69' title='bbox 864 1298 977 1357; x_wconf 89' lang='lat' dir='ltr'>nostro</span> <span class='ocrx_word' id='word_1_70' title='bbox 1009 1284 1189 1357; x_wconf 87' lang='lat' dir='ltr'>inseratur.</span> <span class='ocrx_word' id='word_1_71' title='bbox 1220 1287 1267 1358; x_wconf 91' lang='lat' dir='ltr'>lta</span> 
     </span>
     <span class='ocr_line' id='line_1_10' title="bbox 157 1401 678 1501; baseline -0.002 -27"><span class='ocrx_word' id='word_1_72' title='bbox 157 1401 294 1501; x_wconf 88' lang='lat' dir='ltr'>quidem</span> <span class='ocrx_word' id='word_1_73' title='bbox 321 1402 492 1501; x_wconf 83' lang='lat' dir='ltr'>subalpini</span> <span class='ocrx_word' id='word_1_74' title='bbox 519 1417 678 1476; x_wconf 89' lang='lat' dir='ltr'>oratores.</span> 
     </span>
    </p>

    <p class='ocr_par' dir='ltr' id='par_1_3' title="bbox 61 1514 1269 2650">
     <span class='ocr_line' id='line_1_11' title="bbox 232 1514 1266 1616; baseline 0 -28"><span class='ocrx_word' id='word_1_75' title='bbox 232 1519 302 1590; x_wconf 94' lang='lat' dir='ltr'>lmo</span> <span class='ocrx_word' id='word_1_76' title='bbox 324 1531 412 1591; x_wconf 76' lang='lat' dir='ltr'>&#39;vero</span> <span class='ocrx_word' id='word_1_77' title='bbox 447 1544 513 1590; x_wconf 92' lang='lat' dir='ltr'>non</span> <span class='ocrx_word' id='word_1_78' title='bbox 548 1517 751 1603; x_wconf 86' lang='lat' dir='ltr'>deluemnt,</span> <span class='ocrx_word' id='word_1_79' title='bbox 780 1516 838 1616; x_wconf 88' lang='lat' dir='ltr'>qui</span> <span class='ocrx_word' id='word_1_80' title='bbox 864 1516 952 1589; x_wconf 90' lang='lat' dir='ltr'>hauc</span> <span class='ocrx_word' id='word_1_81' title='bbox 977 1514 1084 1612; x_wconf 86' lang='lat' dir='ltr'>legem</span> <span class='ocrx_word' id='word_1_82' title='bbox 1118 1515 1266 1588; x_wconf 91' lang='lat' dir='ltr'>moribus</span> 
     </span>
     <span class='ocr_line' id='line_1_12' title="bbox 61 1630 1267 1730; baseline -0.002 -25"><span class='ocrx_word' id='word_1_83' title='bbox 61 1722 64 1726; x_wconf 9' lang='grc' dir='ltr'><strong>Α</strong></span> <span class='ocrx_word' id='word_1_84' title='bbox 158 1632 375 1707; x_wconf 86' lang='lat' dir='ltr'>utilissimam</span> <span class='ocrx_word' id='word_1_85' title='bbox 401 1633 507 1706; x_wconf 86' lang='lat' dir='ltr'>luisse</span> <span class='ocrx_word' id='word_1_86' title='bbox 534 1633 792 1719; x_wconf 86' lang='lat' dir='ltr'>contenderent,</span> <span class='ocrx_word' id='word_1_87' title='bbox 821 1647 922 1730; x_wconf 87' lang='lat' dir='ltr'>atque</span> <span class='ocrx_word' id='word_1_88' title='bbox 939 1630 982 1703; x_wconf 85' lang='lat' dir='ltr'>ab</span> <span class='ocrx_word' id='word_1_89' title='bbox 999 1657 1039 1703; x_wconf 92' lang='lat' dir='ltr'>ea</span> <span class='ocrx_word' id='word_1_90' title='bbox 1061 1655 1149 1728; x_wconf 88' lang='lat' dir='ltr'>pene</span> <span class='ocrx_word' id='word_1_91' title='bbox 1175 1657 1267 1730; x_wconf 89' lang='lat' dir='ltr'>repe-</span> 
     </span>
     <span class='ocr_line' id='line_1_13' title="bbox 158 1745 1268 1848; baseline -0.005 -27"><span class='ocrx_word' id='word_1_92' title='bbox 158 1764 265 1821; x_wconf 87' lang='lat' dir='ltr'>terent</span> <span class='ocrx_word' id='word_1_93' title='bbox 281 1749 448 1848; x_wconf 91' lang='lat' dir='ltr'>quidquid</span> <span class='ocrx_word' id='word_1_94' title='bbox 465 1749 545 1822; x_wconf 92' lang='lat' dir='ltr'>boni</span> <span class='ocrx_word' id='word_1_95' title='bbox 563 1748 653 1848; x_wconf 90' lang='lat' dir='ltr'>apud</span> <span class='ocrx_word' id='word_1_96' title='bbox 672 1747 835 1847; x_wconf 90' lang='lat' dir='ltr'>quasdam</span> <span class='ocrx_word' id='word_1_97' title='bbox 854 1762 969 1844; x_wconf 90' lang='lat' dir='ltr'>gentes</span> <span class='ocrx_word' id='word_1_98' title='bbox 990 1746 1172 1819; x_wconf 88' lang='lat' dir='ltr'>invenitur.</span> <span class='ocrx_word' id='word_1_99' title='bbox 1194 1745 1268 1819; x_wconf 85' lang='lat' dir='ltr'>Gal-</span> 
     </span>
     <span class='ocr_line' id='line_1_14' title="bbox 159 1861 1267 1964; baseline 0 -30"><span class='ocrx_word' id='word_1_100' title='bbox 159 1863 223 1952; x_wconf 86' lang='lat' dir='ltr'>lia,</span> <span class='ocrx_word' id='word_1_101' title='bbox 249 1863 360 1964; x_wconf 92' lang='lat' dir='ltr'>inquit</span> <span class='ocrx_word' id='word_1_102' title='bbox 385 1864 497 1961; x_wconf 90' lang='lat' dir='ltr'>regius</span> <span class='ocrx_word' id='word_1_103' title='bbox 522 1863 695 1951; x_wconf 85' lang='lat' dir='ltr'>minister,</span> <span class='ocrx_word' id='word_1_104' title='bbox 716 1878 793 1936; x_wconf 88' lang='lat' dir='ltr'>ante</span> <span class='ocrx_word' id='word_1_105' title='bbox 809 1862 1013 1936; x_wconf 86' lang='lat' dir='ltr'>matrimonii</span> <span class='ocrx_word' id='word_1_106' title='bbox 1032 1861 1144 1935; x_wconf 89' lang='lat' dir='ltr'>civilis</span> <span class='ocrx_word' id='word_1_107' title='bbox 1162 1861 1267 1961; x_wconf 90' lang='lat' dir='ltr'>legem</span> 
     </span>
     <span class='ocr_line' id='line_1_15' title="bbox 160 1978 1268 2076; baseline -0.001 -25"><span class='ocrx_word' id='word_1_108' title='bbox 160 1979 397 2052; x_wconf 84' lang='lat' dir='ltr'>memorandae</span> <span class='ocrx_word' id='word_1_109' title='bbox 415 1979 647 2053; x_wconf 84' lang='lat' dir='ltr'>subversionis</span> <span class='ocrx_word' id='word_1_110' title='bbox 664 1979 792 2052; x_wconf 84' lang='lat' dir='ltr'>auctrix</span> <span class='ocrx_word' id='word_1_111' title='bbox 805 1979 867 2051; x_wconf 86' lang='lat' dir='ltr'>luit</span> <span class='ocrx_word' id='word_1_112' title='bbox 881 1978 960 2051; x_wconf 91' lang='lat' dir='ltr'>anni</span> <span class='ocrx_word' id='word_1_113' title='bbox 974 1980 1098 2063; x_wconf 79' lang='lat'><strong>1793.;</strong></span> <span class='ocrx_word' id='word_1_114' title='bbox 1110 1993 1189 2076; x_wconf 88' lang='lat' dir='ltr'>post</span> <span class='ocrx_word' id='word_1_115' title='bbox 1200 2004 1268 2050; x_wconf 92' lang='lat' dir='ltr'>ma·</span> 
     </span>
     <span class='ocr_line' id='line_1_16' title="bbox 161 2092 1269 2168; baseline -0.002 -2"><span class='ocrx_word' id='word_1_116' title='bbox 161 2093 354 2167; x_wconf 91' lang='lat' dir='ltr'>trimonium</span> <span class='ocrx_word' id='word_1_117' title='bbox 378 2093 477 2168; x_wconf 91' lang='lat' dir='ltr'>civile</span> <span class='ocrx_word' id='word_1_118' title='bbox 495 2094 613 2167; x_wconf 86' lang='lat' dir='ltr'>eadem</span> <span class='ocrx_word' id='word_1_119' title='bbox 633 2093 739 2167; x_wconf 88' lang='lat' dir='ltr'>Gallia</span> <span class='ocrx_word' id='word_1_120' title='bbox 756 2120 876 2167; x_wconf 88' lang='lat' dir='ltr'>novam</span> <span class='ocrx_word' id='word_1_121' title='bbox 895 2092 1149 2167; x_wconf 87' lang='lat' dir='ltr'>subversionem</span> <span class='ocrx_word' id='word_1_122' title='bbox 1167 2092 1269 2166; x_wconf 89' lang='lat' dir='ltr'>edidit</span> 
     </span>
     <span class='ocr_line' id='line_1_17' title="bbox 161 2200 1268 2308; baseline -0.001 -27"><span class='ocrx_word' id='word_1_123' title='bbox 161 2208 364 2281; x_wconf 78' lang='lat' dir='ltr'>anni18l8.</span> <span class='ocrx_word' id='word_1_124' title='bbox 384 2235 472 2308; x_wconf 88' lang='lat' dir='ltr'>quae</span> <span class='ocrx_word' id='word_1_125' title='bbox 490 2210 582 2282; x_wconf 87' lang='lat' dir='ltr'>tanto</span> <span class='ocrx_word' id='word_1_126' title='bbox 600 2208 780 2282; x_wconf 87' lang='lat' dir='ltr'>humanior</span> <span class='ocrx_word' id='word_1_127' title='bbox 797 2207 860 2281; x_wconf 89' lang='lat' dir='ltr'>luit</span> <span class='ocrx_word' id='word_1_128' title='bbox 879 2233 919 2280; x_wconf 90' lang='lat' dir='ltr'>ao</span> <span class='ocrx_word' id='word_1_129' title='bbox 940 2200 1139 2304; x_wconf 84' lang='lat' dir='ltr'>religiosior.</span> <span class='ocrx_word' id='word_1_130' title='bbox 1161 2206 1268 2280; x_wconf 88' lang='lat' dir='ltr'>Socie-</span> 
     </span>
     <span class='ocr_line' id='line_1_18' title="bbox 160 2321 1268 2424; baseline -0.002 -28"><span class='ocrx_word' id='word_1_131' title='bbox 160 2341 212 2396; x_wconf 88' lang='lat' dir='ltr'>tas</span> <span class='ocrx_word' id='word_1_132' title='bbox 238 2324 391 2397; x_wconf 88' lang='lat' dir='ltr'>instituta</span> <span class='ocrx_word' id='word_1_133' title='bbox 420 2325 456 2396; x_wconf 91' lang='lat' dir='ltr'>in</span> <span class='ocrx_word' id='word_1_134' title='bbox 483 2325 694 2424; x_wconf 87' lang='lat' dir='ltr'>separatione</span> <span class='ocrx_word' id='word_1_135' title='bbox 726 2339 833 2397; x_wconf 88' lang='lat' dir='ltr'>status</span> <span class='ocrx_word' id='word_1_136' title='bbox 859 2339 893 2397; x_wconf 91' lang='lat' dir='ltr'>et</span> <span class='ocrx_word' id='word_1_137' title='bbox 916 2321 1078 2396; x_wconf 87' lang='lat' dir='ltr'>ecclesiae</span> <span class='ocrx_word' id='word_1_138' title='bbox 1102 2321 1210 2396; x_wconf 91' lang='lat' dir='ltr'>multo</span> <span class='ocrx_word' id='word_1_139' title='bbox 1234 2347 1268 2394; x_wconf 86' lang='lat' dir='ltr'>se</span> 
     </span>
     <span class='ocr_line' id='line_1_19' title="bbox 161 2436 1269 2535; baseline 0.001 -28"><span class='ocrx_word' id='word_1_140' title='bbox 161 2436 403 2535; x_wconf 80' lang='lat' dir='ltr'>religiosiorem</span> <span class='ocrx_word' id='word_1_141' title='bbox 428 2439 585 2513; x_wconf 90' lang='lat' dir='ltr'>ostendit.</span> <span class='ocrx_word' id='word_1_142' title='bbox 609 2438 725 2524; x_wconf 86' lang='lat' dir='ltr'>Quoad</span> <span class='ocrx_word' id='word_1_143' title='bbox 752 2464 860 2510; x_wconf 89' lang='lat' dir='ltr'>mores</span> <span class='ocrx_word' id='word_1_144' title='bbox 879 2436 985 2511; x_wconf 84' lang='lat' dir='ltr'>Gallia</span> <span class='ocrx_word' id='word_1_145' title='bbox 1009 2463 1099 2517; x_wconf 89' lang='lat' dir='ltr'>nuno</span> <span class='ocrx_word' id='word_1_146' title='bbox 1123 2452 1269 2535; x_wconf 88' lang='lat' dir='ltr'>praestat</span> 
     </span>
     <span class='ocr_line' id='line_1_20' title="bbox 161 2551 1269 2650; baseline 0.001 -27"><span class='ocrx_word' id='word_1_147' title='bbox 161 2551 367 2650; x_wconf 91' lang='lat' dir='ltr'>temporibus</span> <span class='ocrx_word' id='word_1_148' title='bbox 394 2553 554 2626; x_wconf 88' lang='lat' dir='ltr'>Ludovici</span> <span class='ocrx_word' id='word_1_149' title='bbox 571 2554 637 2624; x_wconf 87' lang='lat' dir='ltr'>XV.</span> <span class='ocrx_word' id='word_1_150' title='bbox 660 2569 692 2627; x_wconf 93' lang='lat' dir='ltr'>et</span> <span class='ocrx_word' id='word_1_151' title='bbox 708 2553 790 2623; x_wconf 75' lang='lat' dir='ltr'>xvi.</span> <span class='ocrx_word' id='word_1_152' title='bbox 813 2552 924 2625; x_wconf 89' lang='lat' dir='ltr'>Scotia</span> <span class='ocrx_word' id='word_1_153' title='bbox 948 2552 1040 2649; x_wconf 91' lang='lat' dir='ltr'>regio</span> <span class='ocrx_word' id='word_1_154' title='bbox 1065 2568 1117 2625; x_wconf 90' lang='lat' dir='ltr'>est</span> <span class='ocrx_word' id='word_1_155' title='bbox 1143 2551 1269 2649; x_wconf 81' lang='lat' dir='ltr'>religio</span> 
     </span>
    </p>
   </div>
   <div class='ocr_carea' id='block_1_3' title="bbox 161 2665 1269 2878">
    <p class='ocr_par' dir='ltr' id='par_1_4' title="bbox 161 2665 1269 2878">
     <span class='ocr_line' id='line_1_21' title="bbox 161 2665 1269 2754; baseline 0 -16"><span class='ocrx_word' id='word_1_156' title='bbox 161 2666 310 2754; x_wconf 91' lang='lat' dir='ltr'>sissima,</span> <span class='ocrx_word' id='word_1_157' title='bbox 323 2683 357 2739; x_wconf 90' lang='lat' dir='ltr'>et</span> <span class='ocrx_word' id='word_1_158' title='bbox 375 2682 485 2740; x_wconf 90' lang='lat' dir='ltr'>tamen</span> <span class='ocrx_word' id='word_1_159' title='bbox 505 2668 606 2741; x_wconf 87' lang='lat' dir='ltr'>habet</span> <span class='ocrx_word' id='word_1_160' title='bbox 623 2667 872 2742; x_wconf 90' lang='lat' dir='ltr'>matrimonium</span> <span class='ocrx_word' id='word_1_161' title='bbox 890 2666 1063 2741; x_wconf 76' lang='lat' dir='ltr'>civile-lta</span> <span class='ocrx_word' id='word_1_162' title='bbox 1079 2667 1181 2741; x_wconf 92' lang='lat' dir='ltr'>etiam</span> <span class='ocrx_word' id='word_1_163' title='bbox 1199 2665 1269 2740; x_wconf 86' lang='lat' dir='ltr'>Bel·</span> 
     </span>
     <span class='ocr_line' id='line_1_22' title="bbox 162 2781 364 2878; baseline 0.015 -26"><span class='ocrx_word' id='word_1_164' title='bbox 162 2781 254 2878; x_wconf 82' lang='lat' dir='ltr'>giam</span> <span class='ocrx_word' id='word_1_165' title='bbox 276 2785 364 2878; x_wconf 75' lang='lat' dir='ltr'>(tt).</span> 
     </span>
    </p>
   </div>
   <div class='ocr_carea' id='block_1_4' title="bbox 626 2965 872 3081">
    <p class='ocr_par' dir='ltr' id='par_1_5' title="bbox 626 2965 872 3081">
     <span class='ocr_line' id='line_1_23' title="bbox 626 2965 872 3081; baseline 0.004 -44"><span class='ocrx_word' id='word_1_166' title='bbox 626 2965 812 3064; x_wconf 79' lang='lat' dir='ltr'>Responsio.</span> <span class='ocrx_word' id='word_1_167' title='bbox 870 3076 872 3081; x_wconf 16' lang='grc' dir='ltr'><strong><em>Δ</em></strong></span> 
     </span>
    </p>
   </div>
   <div class='ocr_carea' id='block_1_5' title="bbox 157 3129 1271 4263">
    <p class='ocr_par' dir='ltr' id='par_1_6' title="bbox 157 3129 1271 3808">
     <span class='ocr_line' id='line_1_24' title="bbox 237 3129 1270 3235; baseline -0.001 -32"><span class='ocrx_word' id='word_1_168' title='bbox 237 3132 320 3205; x_wconf 83' lang='lat' dir='ltr'>&#39;lota</span> <span class='ocrx_word' id='word_1_169' title='bbox 332 3132 415 3206; x_wconf 91' lang='lat' dir='ltr'>haec</span> <span class='ocrx_word' id='word_1_170' title='bbox 430 3133 637 3209; x_wconf 88' lang='lat' dir='ltr'>ratiocinatio</span> <span class='ocrx_word' id='word_1_171' title='bbox 650 3134 814 3235; x_wconf 85' lang='lat' dir='ltr'>principio</span> <span class='ocrx_word' id='word_1_172' title='bbox 825 3150 896 3206; x_wconf 92' lang='lat' dir='ltr'>tum</span> <span class='ocrx_word' id='word_1_173' title='bbox 910 3133 1018 3230; x_wconf 88' lang='lat' dir='ltr'>logice</span> <span class='ocrx_word' id='word_1_174' title='bbox 1029 3145 1100 3204; x_wconf 91' lang='lat' dir='ltr'>tum</span> <span class='ocrx_word' id='word_1_175' title='bbox 1112 3129 1270 3203; x_wconf 85' lang='lat' dir='ltr'>historice</span> 
     </span>
     <span class='ocr_line' id='line_1_25' title="bbox 157 3245 1271 3348; baseline 0 -32"><span class='ocrx_word' id='word_1_176' title='bbox 157 3245 250 3320; x_wconf 56' lang='lat' dir='ltr'>&#39;falso</span> <span class='ocrx_word' id='word_1_177' title='bbox 275 3247 440 3331; x_wconf 85' lang='lat' dir='ltr'>innititur.</span> <span class='ocrx_word' id='word_1_178' title='bbox 468 3250 632 3323; x_wconf 91' lang='lat' dir='ltr'>Nimirum</span> <span class='ocrx_word' id='word_1_179' title='bbox 662 3249 820 3348; x_wconf 87' lang='lat' dir='ltr'>principii</span> <span class='ocrx_word' id='word_1_180' title='bbox 850 3248 922 3323; x_wconf 87' lang='lat' dir='ltr'>loeo</span> <span class='ocrx_word' id='word_1_181' title='bbox 952 3245 1139 3321; x_wconf 86' lang='lat' dir='ltr'>assumitur</span> <span class='ocrx_word' id='word_1_182' title='bbox 1163 3270 1271 3318; x_wconf 82' lang='lat' dir='ltr'>exem·</span> 
     </span>
     <span class='ocr_line' id='line_1_26' title="bbox 165 3359 1271 3463; baseline -0.001 -31"><span class='ocrx_word' id='word_1_183' title='bbox 165 3360 258 3460; x_wconf 94' lang='lat' dir='ltr'>plum</span> <span class='ocrx_word' id='word_1_184' title='bbox 284 3363 425 3436; x_wconf 90' lang='lat' dir='ltr'>aliamm</span> <span class='ocrx_word' id='word_1_185' title='bbox 450 3366 600 3463; x_wconf 84' lang='lat' dir='ltr'>gentium</span> <span class='ocrx_word' id='word_1_186' title='bbox 616 3365 718 3440; x_wconf 92' lang='lat' dir='ltr'>veluti</span> <span class='ocrx_word' id='word_1_187' title='bbox 735 3391 888 3439; x_wconf 90' lang='lat' dir='ltr'>normam</span> <span class='ocrx_word' id='word_1_188' title='bbox 903 3361 1096 3460; x_wconf 84' lang='lat' dir='ltr'>habendam</span> <span class='ocrx_word' id='word_1_189' title='bbox 1113 3387 1208 3448; x_wconf 89' lang='lat' dir='ltr'>esse,</span> <span class='ocrx_word' id='word_1_190' title='bbox 1228 3359 1271 3432; x_wconf 91' lang='lat' dir='ltr'>si·</span> 
     </span>
     <span class='ocr_line' id='line_1_27' title="bbox 164 3474 1271 3581; baseline -0.005 -31"><span class='ocrx_word' id='word_1_191' title='bbox 164 3476 302 3577; x_wconf 89' lang='lat' dir='ltr'>mulque</span> <span class='ocrx_word' id='word_1_192' title='bbox 327 3505 367 3553; x_wconf 92' lang='lat' dir='ltr'>eo</span> <span class='ocrx_word' id='word_1_193' title='bbox 392 3480 545 3581; x_wconf 84' lang='lat' dir='ltr'>exemplo</span> <span class='ocrx_word' id='word_1_194' title='bbox 570 3498 727 3556; x_wconf 86' lang='lat' dir='ltr'>constare</span> <span class='ocrx_word' id='word_1_195' title='bbox 751 3481 857 3578; x_wconf 88' lang='lat' dir='ltr'>legem</span> <span class='ocrx_word' id='word_1_196' title='bbox 875 3479 918 3552; x_wconf 91' lang='lat' dir='ltr'>de</span> <span class='ocrx_word' id='word_1_197' title='bbox 935 3477 1093 3575; x_wconf 86' lang='lat' dir='ltr'>coniugio</span> <span class='ocrx_word' id='word_1_198' title='bbox 1110 3475 1210 3552; x_wconf 77' lang='lat' dir='ltr'>civili.</span> <span class='ocrx_word' id='word_1_199' title='bbox 1223 3474 1271 3546; x_wconf 92' lang='lat' dir='ltr'>in-</span> 
     </span>
     <span class='ocr_line' id='line_1_28' title="bbox 165 3590 1268 3694; baseline 0 -31"><span class='ocrx_word' id='word_1_200' title='bbox 165 3619 305 3667; x_wconf 86' lang='lat' dir='ltr'>nocuam</span> <span class='ocrx_word' id='word_1_201' title='bbox 323 3621 399 3670; x_wconf 88' lang='lat' dir='ltr'>esse</span> <span class='ocrx_word' id='word_1_202' title='bbox 416 3596 590 3694; x_wconf 83' lang='lat' dir='ltr'>religioni,</span> <span class='ocrx_word' id='word_1_203' title='bbox 615 3597 764 3671; x_wconf 86' lang='lat' dir='ltr'>moribus</span> <span class='ocrx_word' id='word_1_204' title='bbox 783 3623 822 3671; x_wconf 88' lang='lat' dir='ltr'>ao</span> <span class='ocrx_word' id='word_1_205' title='bbox 840 3594 1002 3670; x_wconf 90' lang='lat' dir='ltr'>societati.</span> <span class='ocrx_word' id='word_1_206' title='bbox 1019 3592 1061 3664; x_wconf 85' lang='lat' dir='ltr'>At</span> <span class='ocrx_word' id='word_1_207' title='bbox 1077 3617 1158 3666; x_wconf 90' lang='lat' dir='ltr'>vero</span> <span class='ocrx_word' id='word_1_208' title='bbox 1175 3590 1268 3675; x_wconf 82' lang='lat' dir='ltr'>hacc,</span> 
     </span>
     <span class='ocr_line' id='line_1_29' title="bbox 163 3711 992 3808; baseline -0.002 -26"><span class='ocrx_word' id='word_1_209' title='bbox 163 3735 252 3808; x_wconf 87' lang='lat' dir='ltr'>quae</span> <span class='ocrx_word' id='word_1_210' title='bbox 282 3726 351 3784; x_wconf 90' lang='lat' dir='ltr'>tam</span> <span class='ocrx_word' id='word_1_211' title='bbox 377 3711 519 3785; x_wconf 89' lang='lat' dir='ltr'>fidenter</span> <span class='ocrx_word' id='word_1_212' title='bbox 543 3729 761 3800; x_wconf 89' lang='lat' dir='ltr'>asseruntur,</span> <span class='ocrx_word' id='word_1_213' title='bbox 791 3711 877 3786; x_wconf 90' lang='lat' dir='ltr'>lalsa</span> <span class='ocrx_word' id='word_1_214' title='bbox 902 3726 992 3784; x_wconf 90' lang='lat' dir='ltr'>sunt.</span> 
     </span>
    </p>

    <p class='ocr_par' dir='ltr' id='par_1_7' title="bbox 165 3821 1271 4263">
     <span class='ocr_line' id='line_1_30' title="bbox 238 3821 1271 3928; baseline -0.006 -30"><span class='ocrx_word' id='word_1_215' title='bbox 238 3829 322 3900; x_wconf 90' lang='lat' dir='ltr'>Nam</span> <span class='ocrx_word' id='word_1_216' title='bbox 347 3829 437 3928; x_wconf 91' lang='lat' dir='ltr'>qnod</span> <span class='ocrx_word' id='word_1_217' title='bbox 455 3829 499 3902; x_wconf 88' lang='lat' dir='ltr'>ad</span> <span class='ocrx_word' id='word_1_218' title='bbox 517 3854 668 3904; x_wconf 90' lang='lat' dir='ltr'>normam</span> <span class='ocrx_word' id='word_1_219' title='bbox 695 3828 812 3902; x_wconf 90' lang='lat' dir='ltr'>attinet</span> <span class='ocrx_word' id='word_1_220' title='bbox 828 3854 869 3900; x_wconf 85' lang='lat' dir='ltr'>ex</span> <span class='ocrx_word' id='word_1_221' title='bbox 885 3826 1027 3899; x_wconf 90' lang='lat' dir='ltr'>aliorum</span> <span class='ocrx_word' id='word_1_222' title='bbox 1048 3822 1200 3923; x_wconf 86' lang='lat' dir='ltr'>exemplo</span> <span class='ocrx_word' id='word_1_223' title='bbox 1217 3821 1271 3892; x_wconf 85' lang='lat' dir='ltr'>de</span> 
     </span>
     <span class='ocr_line' id='line_1_31' title="bbox 165 3937 1271 4043; baseline -0.005 -30"><span class='ocrx_word' id='word_1_224' title='bbox 165 3958 356 4042; x_wconf 89' lang='lat' dir='ltr'>sumptam,</span> <span class='ocrx_word' id='word_1_225' title='bbox 385 3971 482 4018; x_wconf 92' lang='lat' dir='ltr'>nemo</span> <span class='ocrx_word' id='word_1_226' title='bbox 507 3945 691 4043; x_wconf 81' lang='lat' dir='ltr'>negaverit,</span> <span class='ocrx_word' id='word_1_227' title='bbox 711 3970 787 4017; x_wconf 89' lang='lat' dir='ltr'>cum</span> <span class='ocrx_word' id='word_1_228' title='bbox 805 3943 848 4015; x_wconf 96' lang='lat' dir='ltr'>de</span> <span class='ocrx_word' id='word_1_229' title='bbox 865 3969 900 4015; x_wconf 90' lang='lat' dir='ltr'>re</span> <span class='ocrx_word' id='word_1_230' title='bbox 917 3940 1031 4040; x_wconf 92' lang='lat' dir='ltr'>aliqua</span> <span class='ocrx_word' id='word_1_231' title='bbox 1047 3937 1162 4035; x_wconf 89' lang='lat' dir='ltr'>magni</span> <span class='ocrx_word' id='word_1_232' title='bbox 1180 3961 1271 4035; x_wconf 82' lang='lat' dir='ltr'>prae</span> 
     </span>
     <span class='ocr_line' id='line_1_32' title="bbox 168 4053 1271 4160; baseline -0.009 -30"><span class='ocrx_word' id='word_1_233' title='bbox 168 4058 281 4133; x_wconf 88' lang='lat' dir='ltr'>sertim</span> <span class='ocrx_word' id='word_1_234' title='bbox 316 4061 474 4133; x_wconf 90' lang='lat' dir='ltr'>momenti</span> <span class='ocrx_word' id='word_1_235' title='bbox 506 4060 642 4157; x_wconf 87' lang='lat' dir='ltr'>agitur,</span> <span class='ocrx_word' id='word_1_236' title='bbox 670 4059 765 4160; x_wconf 88' lang='lat' dir='ltr'>prius</span> <span class='ocrx_word' id='word_1_237' title='bbox 795 4057 919 4158; x_wconf 88' lang='lat' dir='ltr'>inquiri</span> <span class='ocrx_word' id='word_1_238' title='bbox 945 4055 1087 4140; x_wconf 89' lang='lat' dir='ltr'>debere,</span> <span class='ocrx_word' id='word_1_239' title='bbox 1115 4053 1206 4127; x_wconf 90' lang='lat' dir='ltr'>bona</span> <span class='ocrx_word' id='word_1_240' title='bbox 1233 4073 1271 4122; x_wconf 87' lang='lat' dir='ltr'>ns</span> 
     </span>
     <span class='ocr_line' id='line_1_33' title="bbox 167 4170 1271 4263; baseline -0.006 -17"><span class='ocrx_word' id='word_1_241' title='bbox 167 4174 231 4261; x_wconf 92' lang='lat' dir='ltr'>sit,</span> <span class='ocrx_word' id='word_1_242' title='bbox 258 4174 363 4262; x_wconf 89' lang='lat' dir='ltr'>iusta,</span> <span class='ocrx_word' id='word_1_243' title='bbox 389 4175 549 4263; x_wconf 91' lang='lat' dir='ltr'>honesta,</span> <span class='ocrx_word' id='word_1_244' title='bbox 578 4176 780 4251; x_wconf 88' lang='lat' dir='ltr'>conveniens</span> <span class='ocrx_word' id='word_1_245' title='bbox 803 4200 842 4248; x_wconf 87' lang='lat' dir='ltr'>ac</span> <span class='ocrx_word' id='word_1_246' title='bbox 863 4171 956 4246; x_wconf 90' lang='lat' dir='ltr'>utilis</span> <span class='ocrx_word' id='word_1_247' title='bbox 973 4187 1042 4245; x_wconf 86' lang='lat' dir='ltr'>tum</span> <span class='ocrx_word' id='word_1_248' title='bbox 1066 4170 1100 4242; x_wconf 91' lang='lat' dir='ltr'>in</span> <span class='ocrx_word' id='word_1_249' title='bbox 1126 4194 1184 4255; x_wconf 89' lang='lat' dir='ltr'>se,</span> <span class='ocrx_word' id='word_1_250' title='bbox 1206 4183 1271 4241; x_wconf 89' lang='lat' dir='ltr'>tun</span> 
     </span>
    </p>
   </div>
   <div class='ocr_carea' id='block_1_6' title="bbox 241 4328 621 4390">
    <p class='ocr_par' dir='ltr' id='par_1_8' title="bbox 241 4328 621 4390">
     <span class='ocr_line' id='line_1_34' title="bbox 241 4328 621 4390; baseline 0.005 -13"><span class='ocrx_word' id='word_1_251' title='bbox 241 4328 291 4390; x_wconf 74' lang='lat' dir='ltr'>(eo)</span> <span class='ocrx_word' id='word_1_252' title='bbox 307 4331 401 4380; x_wconf 81' lang='lat' dir='ltr'>senato</span> <span class='ocrx_word' id='word_1_253' title='bbox 417 4330 465 4383; x_wconf 86' lang='lat' dir='ltr'>loc.</span> <span class='ocrx_word' id='word_1_254' title='bbox 478 4330 519 4380; x_wconf 87' lang='lat' dir='ltr'>cit.</span> <span class='ocrx_word' id='word_1_255' title='bbox 577 4363 578 4366; x_wconf 17' lang='grc' dir='ltr'>η</span> <span class='ocrx_word' id='word_1_256' title='bbox 619 4340 621 4343; x_wconf 87' lang='grc'><strong><em>·</em></strong></span> 
     </span>
    </p>
   </div>
   <div class='ocr_carea' id='block_1_7' title="bbox 0 0 1452 5062">
    <p class='ocr_par' dir='ltr' id='par_1_9' title="bbox 0 0 1452 5062">
     <span class='ocr_line' id='line_1_35' title="bbox 0 0 1452 5062; baseline 0 0"><span class='ocrx_word' id='word_1_257' title='bbox 0 0 1452 5062; x_wconf 95' lang='lat' dir='ltr'> </span> 
     </span>
    </p>
   </div>
  </div>
 </body>
</html>
