2872 5062
227 324 297 393 tlt
429 346 490 395 nn.
514 346 536 394 ι.
557 345 644 395 sacr.
666 345 796 396 reruni.
812 345 852 395 ou
870 344 1002 395 uirus.
1023 345 1131 397 curu.

225 466 372 539 contenti
392 463 456 538 sub
475 463 561 560 legis
581 463 739 550 obtentu,
761 490 849 562 quae
866 464 959 563 ipsos
977 464 1020 536 ad
1039 463 1268 537 renovandum
1286 489 1343 537 co-

228 607 298 652 ram
324 578 466 652 eeclesia
490 603 691 650 consensum
718 605 784 652 non
810 578 1014 674 adstringit,
1044 578 1077 650 id
1103 579 1211 651 facere
1237 578 1344 675 negli-

227 709 330 790 gunt,
358 707 471 792 utpote
497 691 623 790 publici
649 692 889 766 concubinatus
916 719 1007 779 reos,
1036 692 1192 766 omnibus
1218 691 1263 766 ab
1288 718 1343 767 ec·

224 809 331 883 clesia
355 808 389 880 in
414 835 472 882 eos
498 809 686 882 constitutis
712 808 887 882 subiacere
911 809 1041 909 poenis.

225 967 229 983 ι
298 927 415 1023 Neque
433 923 484 998 sic
500 923 736 998 contrahentes
757 925 799 997 ab
818 924 873 998 his
892 924 1010 1023 poenis
1029 924 1241 998 incurrendis
1258 923 1344 996 libe·

227 1041 342 1115 ratlex
353 1040 479 1126 civilis,
496 1065 584 1138 quae
596 1040 731 1114 omnino
746 1056 871 1140 pugnat
890 1066 966 1114 cum
985 1039 1148 1114 ecclesiae
1174 1039 1338 1112 doctrina.

227 1155 400 1254 Siquidem
426 1154 478 1227 lex
505 1154 570 1226 ista
595 1154 686 1226 haud
714 1155 890 1227 immutare
914 1154 1003 1228 valet
1024 1155 1071 1228 rei
1093 1170 1263 1241 naturam,
1285 1180 1343 1226 ne·

228 1295 294 1368 que
311 1269 461 1353 efficere,
482 1283 520 1340 ut
536 1266 639 1354 illud,
661 1267 751 1367 quod
779 1268 811 1338 in
839 1294 876 1340 se
901 1295 967 1340 non
993 1269 1118 1355 existit,
1148 1267 1343 1366 nulliusque

228 1384 361 1483 'penitus
394 1398 447 1456 cst
478 1382 627 1470 valoris,
660 1379 772 1456 coram
797 1384 866 1456 Deo
897 1399 929 1456 et
959 1409 1070 1456 coram
1104 1381 1249 1456 ecclesia
1282 1381 1344 1455 ali-

225 1498 364 1597 quando
388 1497 509 1571 existat
527 1523 566 1570 ao
586 1496 773 1593 legitimum
791 1498 846 1571 sit.
864 1497 988 1570 Poterit
1005 1497 1143 1597 politica
1160 1496 1343 1569 auctoritas

226 1614 394 1688 eiusmodi
429 1614 587 1712 profanas
617 1613 890 1700 coniunctiones,
920 1614 949 1686 si
975 1614 1007 1687 ei
1033 1613 1188 1699 libuerit,
1223 1639 1343 1686 uocare
1382 1690 1385 1695 ,

225 1729 383 1826 coniugia
397 1728 524 1815 civilia,
543 1727 659 1802 civiles
672 1729 820 1827 nuptiaS,
833 1728 1031 1827 civilemque
1045 1744 1265 1816 contractum,
1278 1754 1343 1801 non

228 1845 349 1945 poterit
365 1860 476 1917 tamen
495 1869 655 1941 umquam
673 1843 806 1916 efficere
823 1859 859 1916 ut
870 1870 950 1917 vera
968 1842 1035 1916 sint
1052 1841 1232 1930 connubia,
1244 1867 1344 1915 verae

228 1961 298 2033 sint
317 1959 454 2058 nuptiae
467 2016 475 2045 ,
489 1967 491 1971 '
504 1958 642 2058 verique
665 1974 872 2045 contractus,
901 1958 1078 2031 dirimente
1104 1956 1344 2057 impedimento

225 2075 399 2160 obstante,
427 2073 607 2171 quominus
633 2070 717 2146 tales
743 2089 946 2146 censeantur
962 2099 1002 2145 ac
1021 2074 1100 2144 sint.
1122 2071 1277 2144 Ecclesia
1293 2070 1344 2143 iu·

226 2190 313 2287 giter
338 2189 385 2261 ita
410 2188 685 2261 contrahentibus
704 2187 924 2261 inclamabit:
945 2189 1007 2271 Ea,
1029 2213 1117 2285 quae
1141 2212 1202 2261 vos
1228 2185 1344 2284 coniu-

224 2305 284 2402 gia
300 2303 412 2377 civilia
428 2303 644 2403 nuncupatis,
660 2329 740 2376 vera
758 2319 836 2376 sunt
853 2301 1090 2403 contubernia,
1106 2299 1342 2375 fornicationes

228 2419 372 2516 legales,
393 2418 637 2492 concubinatus
663 2417 870 2518 turpissimi,
894 2417 1043 2514 coniugii
1063 2417 1177 2516 specie
1194 2442 1234 2490 ac
1251 2418 1343 2489 larva

228 2535 317 2607 tecti.
719 2541 722 2546 '
889 2522 891 2524 ’
927 2618 929 2622 v

227 2692 230 2697 ·
301 2647 465 2743 Congerat
484 2647 624 2744 insuper
641 2646 776 2746 politica
793 2647 972 2721 auotoritas
999 2646 1120 2744 legalia
1144 2644 1338 2745 privilegia,

228 2761 420 2859 legalesque
445 2762 576 2835 favores
601 2762 692 2835 cirea
716 2761 982 2847 haereditatem,
1011 2759 1266 2848 successiones,
1287 2760 1343 2832 do

228 2876 379 2950 nationes
405 2875 540 2974 aliaque
564 2875 730 2949 eiusmodi
757 2876 800 2964 ad
825 2876 932 2972 legem
951 2901 971 2949 a
988 2901 1026 2949 se
1045 2875 1260 2949 constitutam
1283 2901 1342 2947 seu

141 3015 143 3019 ·
226 2991 392 3065 sancitam
413 2991 586 3064 tutandam
602 2991 929 3092 uindicandamque;
949 3017 1064 3066 verum
1083 2991 1146 3064 hoc
1164 2989 1256 3064 omni
1274 3017 1341 3063 non

225 3108 380 3184 obstante
405 3107 560 3181 exteriori
582 3109 764 3207 apparatu,
793 3133 977 3207 numquam
1003 3106 1126 3181 efficiet
1150 3105 1239 3179 filios
1264 3131 1343 3179 uere

221 3223 414 3320 legitimos,
430 3225 507 3296 cum
519 3248 540 3296 a
553 3249 619 3296 non
632 3222 781 3321 legitime
799 3221 989 3325 coniunctis
1007 3220 1213 3322 prodierint,
1229 3237 1343 3294 erunt-

224 3360 294 3435 que
311 3337 347 3409 in
363 3337 480 3410 eadem
506 3363 646 3437 prorsus
671 3337 883 3424 conditione,
909 3337 943 3409 in
962 3364 1031 3438 qua
1047 3335 1265 3410 inveniuntur
1281 3334 1342 3406 filii

226 3451 398 3542 naturales
423 3452 494 3526 sive
522 3453 629 3553 spurii
655 3479 694 3527 ao
719 3453 813 3527 nothi
838 3481 879 3526 ex
903 3452 1127 3527 concubinatu
1153 3449 1339 3550 progeniti,

229 3592 289 3640 nec
315 3581 469 3668 poterunt
492 3593 569 3641 vere
595 3567 735 3665 legitimi
762 3568 847 3655 lieri,
877 3567 941 3640 nisi
961 3595 1021 3667 per
1037 3565 1231 3662 coniugium
1263 3563 1343 3640 sub-

223 3707 374 3783 sequens
399 3681 434 3754 in
460 3682 546 3756 facie
570 3682 734 3756 eeclesiae
759 3682 893 3757 initum.

223 3796 623 3897 .›11„ltursum,physiea
649 3796 809 3872 violentia
834 3797 956 3898 poterit
979 3796 1079 3870 ciuile
1103 3797 1254 3892 regimen
1279 3795 1342 3866 im-

229 3913 356 4012 pedire,
386 3912 565 4013 quominus
587 3939 713 4013 poenae
737 3912 780 3986 ab
806 3913 948 3986 ecclesia
973 3912 1125 3985 decretae
1149 3926 1227 3984 actu
1252 3908 1341 3981 inlli-

223 4045 367 4124 gantur,
396 4043 450 4102 ast
474 4055 658 4127 numquam
675 4028 710 4101 id
728 4044 945 4128 assequetur,
965 4042 1004 4102 ut
1018 4052 1077 4100 eas
1094 4024 1184 4099 civili
1211 4040 1339 4098 tantum

229 4144 357 4216 ratione
382 4142 551 4218 coniuncti
576 4170 643 4215 non
668 4144 841 4217 incurrant
858 4171 879 4216 a
895 4144 984 4230 iure,
1006 4168 1045 4215 ac
1062 4168 1128 4214 nen
1154 4139 1339 4213 subiician-

228 4272 284 4330 tur
307 4260 425 4357 poenis
446 4258 527 4346 illis,
555 4285 643 4358 quae
668 4286 758 4333 mere
783 4258 976 4358 spirituales
1003 4273 1083 4331 sunt
1106 4282 1147 4329 ac
1171 4256 1333 4330 internae.
