2872 5062
218 344 285 414 312
410 366 471 414 nrn.
494 365 517 413 1.
539 365 775 414 sacrament.
799 329 838 412 nn
856 363 988 413 uarum.
1010 361 1117 411 orvrnr.

216 509 291 555 eam
316 482 507 580 opinionem
529 507 625 568 esse,
654 508 742 579 quae
768 480 904 580 propria
933 505 1000 551 non
1026 494 1078 552 est
1102 479 1170 551 nisi
1196 480 1335 577 conspi-

217 599 323 672 rantis
341 613 478 685 coetuS,
500 599 559 696 qui
579 624 616 671 se
634 613 745 671 tamen
764 595 926 696 populum
947 596 1142 669 universum
1164 595 1332 694 appellat,

217 740 278 786 nec
303 728 355 785 est
379 711 445 784 nisi
471 712 641 811 opinionis
667 727 910 797 commentum,
931 710 1022 809 quod
1048 709 1138 783 delet
1161 709 1249 784 dies.
1275 710 1336 783 lsti

217 842 356 928 peceant
378 826 490 926 quoad
514 825 797 925 applicationem,
818 840 872 898 ast
889 825 1093 925 principium
1120 825 1339 898 verissimum

216 959 289 1031 ost,
315 942 374 1015 ubi
401 941 538 1042 publica
564 941 678 1042 opinio
704 940 813 1014 solido
835 939 996 1013 innitatur
1015 940 1205 1013 honestatis
1224 966 1265 1013 ao
1281 966 1342 1014 ve-

218 1061 326 1133 ritatis
352 1059 589 1144 fundamento,
618 1074 717 1155 prout
742 1057 776 1127 in
800 1083 883 1129 casu
909 1071 1025 1130 nostro
1046 1056 1222 1152 contingit.

291 1177 362 1246 lam
384 1201 463 1248 vero
491 1172 647 1274 publicae
669 1171 836 1246 eiusmodi
862 1171 1014 1271 opinioni
1035 1172 1207 1245 adversari
1230 1171 1340 1268 legem

220 1292 263 1363 de
276 1290 491 1363 matrimonio
508 1289 598 1362 cirili
616 1303 822 1388 compertum
839 1288 875 1360 lit
888 1287 1066 1386 multiplici
1085 1289 1224 1361 ratione.
1241 1287 1343 1361 Com-

220 1423 351 1505 pertum
367 1407 404 1478 fit
415 1432 456 1478 ex
470 1432 530 1493 eo,
551 1407 642 1505 quod
660 1406 690 1478 si
708 1431 834 1503 paucos
853 1403 930 1478 illos
947 1403 1124 1501 leguleios,
1141 1430 1181 1477 ao
1194 1405 1343 1502 pseudo-

220 1522 378 1622 politicos
412 1520 620 1617 irreligiosos
647 1519 897 1599 etincredulos
924 1519 1092 1619 excipias,
1118 1520 1178 1618 qui
1205 1546 1281 1592 eam
1305 1521 1343 1591 in

221 1635 370 1735 publicis
398 1635 544 1708 comitiis
570 1649 784 1734 promovent,
810 1632 922 1706 nullos
949 1634 1054 1722 ahoe,
1083 1651 1142 1707 aut
1167 1660 1263 1707 raros
1280 1633 1342 1707 ad-

221 1751 358 1825 modum
386 1750 509 1823 habeat
533 1749 814 1850 adstipulatores3
836 1766 1044 1849 compertum
1062 1749 1100 1821 fit
1116 1775 1158 1821 ex
1174 1776 1228 1838 eo,
1250 1750 1343 1850 quod

223 1893 340 1939 omnes
358 1865 493 1940 honesti
511 1865 601 1938 cives
620 1864 664 1937 ab
681 1864 848 1937 eiusmodi
874 1863 1041 1961 coniugiis
1067 1889 1157 1936 mere
1172 1864 1342 1946 ¹civilibus

224 2008 437 2080 summopere
463 1980 682 2068 abhorreant,
703 2005 811 2080 eaque
832 1980 1059 2068 detestentur;
1080 1994 1288 2078 compertum
1306 1979 1344 2054 fit

223 2124 263 2171 ox
282 2097 550 2184 inlamiaenota,
571 2124 673 2196 quam
691 2095 818 2169 nomini
838 2122 900 2168 suo
925 2097 1062 2168 inurunt
1082 2110 1262 2195 perpetuo,
1283 2095 1342 2193 qui

174 2244 175 2249 ¹
224 2213 390 2302 eiusmodi
408 2214 544 2313 nuptias
568 2211 770 2286 contrahunt
785 2214 876 2308 (13);
893 2210 1159 2310 compertumfit
1180 2237 1222 2284 ex
1243 2236 1345 2295 cona-

223 2316 312 2403 tibus
345 2327 413 2401 illis
438 2329 648 2426 omnigenis,
677 2327 804 2427 quibus
838 2343 993 2414 utuntur,
1027 2341 1193 2427 quotquot
1216 2325 1343 2400 vellent

222 2444 570 2545 persuadere-legem,
589 2445 634 2531 ‚de
652 2471 720 2543 qua
738 2443 961 2531 disserimus,
977 2432 1119 2528 ,bonam
1139 2467 1216 2515 esse
1241 2458 1343 2541 atque

222 2560 344 2651 utilem
354 2560 684 2659 convenientemque
702 2559 871 2633 societatis
890 2557 1084 2657 progressui
1103 2584 1143 2630 ac
1161 2556 1338 2644 libertatis,

223 2701 285 2763 nec
303 2691 413 2748 tamen
431 2675 607 2775 quidpiam
626 2674 825 2775 proliciunt,
842 2697 959 2748 omues
973 2675 1063 2748 enim
1077 2674 1239 2770 detegunt
1252 2673 1345 2773 ipso-

224 2817 297 2863 rum
324 2789 555 2890 sophismata,
576 2817 638 2864 nec
656 2791 721 2862 nisi
739 2789 889 2870 volentes
908 2790 1121 2890 decipiuntur
1139 2805 1243 2889 atque
1262 2789 1345 2863 irre·
1380 2824 1382 2830 ·

225 2895 373 2994 tiuntur,
400 2925 606 3005 compertum
627 2906 775 3006 denique
796 2906 832 2977 fit
853 2931 893 2978 ex
917 2905 960 2978 iis
984 2906 1090 3005 ipsis,
1120 2905 1180 3004 qui
1206 2905 1242 2976 in
1269 2906 1345 3004 qui-

223 3021 367 3094 busdam
394 3022 606 3121 regionibus,
636 3021 671 3092 in
697 3021 821 3121 quibus
848 3020 901 3093 lex
919 3021 986 3094 ista
1004 3020 1150 3109 obtinet,
1175 3020 1344 3095 eiusmodi

225 3138 361 3238 nuptias
396 3139 561 3227 inierunt,
597 3136 668 3212 sive
698 3154 776 3210 nota
801 3137 955 3237 publicae
990 3136 1149 3210 infamiae
1175 3137 1341 3237 perculsi,

225 3253 298 3325 sive
323 3253 537 3326 interioribus
564 3253 789 3326 eonscientiae
814 3250 991 3324 latratibus
1019 3252 1161 3349 agitati,
1192 3253 1266 3326 sive
1290 3279 1345 3324 as-

226 3366 336 3439 siduis
367 3367 531 3441 molestiis
560 3384 597 3440 ut
626 3368 809 3468 plurimum
836 3367 1050 3440 existimatae
1075 3368 1232 3465 coniugis
1258 3366 1347 3440 solli-

224 3482 441 3587 citationibus
476 3484 637 3583 permoti,
678 3483 812 3556 tandem
844 3480 1027 3581 aliquando
1061 3483 1282 3582 resipiscunt,
1316 3499 1347 3554 et

225 3623 338 3670 coram
357 3596 500 3671 ecclesia
518 3598 768 3672 matrimonium
791 3623 889 3670 suum
916 3597 1130 3670 contrahunt.

296 3915 347 3976 (13)
364 3913 480 3976 apposite
497 3916 528 3963 D.
545 3914 632 3962 sanzet
647 3926 687 3976 op.
700 3912 742 3962 eit.
755 3925 810 3976 pag,
826 3909 972 3963 rescribit:
992 3911 1111 3973 L'epouse
1122 3907 1154 3969 de
1164 3906 1233 3958 laioi
1249 3909 1346 3959 rnarche

226 4009 330 4060 presque
340 3996 453 4059 toujours
464 4009 512 4045 aux
523 3995 602 4045 auteis
612 3994 643 4044 tie
656 3995 679 4043 ia
691 3995 792 4056 religion
802 4031 810 4056 ,
822 3995 847 4043 et
856 3993 917 4043 celle
926 3992 969 4056 qui
983 4006 1014 4042 ue
1023 3993 1082 4042 s‘est
1091 3991 1161 4054 point
1171 3990 1298 4054 presentee
1307 3991 1346 4040 de·

224 4078 285 4125 naut
303 4064 379 4136 Dian,
398 4075 464 4125 n’oso
475 4087 519 4138 pas
530 4075 597 4124 lever
610 4075 633 4123 ia
644 4075 711 4124 iront
720 4074 810 4124 devant
821 4073 857 4124 les
867 4073 986 4122 hommes.
1001 4075 1036 4121 En
1050 4072 1107 4122 vain
1118 4072 1142 4121 le
1152 4071 1283 4134 magistrat
1292 4083 1346 4120 enn-

223 4155 335 4205 saere'de
346 4155 416 4205 telios
428 4151 687 4217 aliiances31'opinion
699 4153 754 4216 pius
765 4152 891 4216 puissaute
901 4165 950 4214 que
961 4151 1006 4213 lui,
1014 4151 1050 4201 ies
1058 4150 1267 4201 meconnaitsans
1276 4149 1347 4213 pitis,

224 4239 248 4286 et
261 4237 285 4286 ia
295 4236 390 4299 pudeur
405 4234 523 4300 pontique
533 4233 635 4285 execute
644 4246 690 4285 son
700 4235 772 4283 arret.
786 4235 832 4284 Les
844 4246 950 4295 moeurs,
964 4232 1053 4296 auprts
1064 4231 1098 4282 du
1112 4230 1274 4296 perplacet
1287 4243 1347 4281 reor·

228 4317 298 4380 place
310 4318 346 4368 les
358 4317 431 4368 lois.»
