2872 5062
331 359 441 409 mer.
465 358 505 410 us
530 359 661 409 ιιιιιιιιι.
684 357 796 408 curus
820 358 953 408 usuum.
974 360 1044 410 ιιιι.
1066 361 1088 408 1.
1196 339 1264 411 alt

160 476 234 548 Non
251 477 372 575 poterit
388 475 523 573 adigere
540 475 701 549 ecclesiae
725 476 914 564 ministros,
930 492 968 548 ut
979 477 1046 550 illis
1060 496 1267 553 sacramenta

159 589 394 680 administrent
404 640 417 677 ,-
440 615 549 687 neque
573 605 610 661 ut
633 587 861 662 ecclesiastica
886 589 1057 689 sepultura
1081 591 1263 680 donentur,

160 705 219 803 qui
245 704 361 777 saltem
386 720 425 777 ut
448 703 573 803 publici
599 722 787 804 peccatores
809 730 849 778 ac
873 705 1128 803 impoenitentes
1145 733 1185 780 ex
1203 708 1266 781 bac

159 817 229 891 vita
252 818 437 904 decedente
455 818 557 893 multo
574 845 652 893 vero
669 819 779 923 minus
805 819 913 893 civilis
938 820 1117 894 auctoritas
1135 819 1267 896 allicere

160 933 299 1032 poterit,
328 949 363 1005 ut
387 934 551 1007 eiusmodi
578 935 742 1034 suppositi
768 934 925 1031 coniuges
944 961 1009 1008 non
1028 936 1212 1009 moriantur
1232 937 1266 1009 in

158 1064 249 1121 statu
273 1047 408 1121 lethalis
424 1051 573 1148 peccati‚·
586 1050 737 1148 adeoque
753 1077 774 1122 a
790 1051 860 1122 Deo
884 1065 1053 1124 aeternum
1070 1051 1262 1150 puniantur.

164 1232 167 1237 .
232 1161 385 1260 Denique
411 1161 502 1261 nulla
533 1161 680 1235 humana
696 1178 852 1262 'potestas
876 1189 919 1237 eo
942 1189 1051 1261 usque
1075 1165 1262 1263 perveniet,

159 1290 197 1349 ut
213 1275 355 1351 ecclesia
372 1277 491 1352 suisin
504 1277 634 1350 actibus
652 1303 719 1351 non
737 1291 863 1377 spectet
879 1276 1045 1351 eiusmodi
1064 1277 1266 1351 coniunctio·

160 1417 237 1465 nem
262 1392 310 1463 uti
336 1390 495 1467 fictitiam
510 1408 542 1465 et
568 1392 710 1479 nullam,
738 1408 838 1491 atque
863 1408 1039 1491 propterea
1055 1392 1090 1463 in
1108 1392 1164 1479 iis,
1180 1378 1266 1491 quae

157 1507 217 1579 ad*
234 1508 340 1608 lorum
355 1520 461 1609 'suum
488 1509 678 1607 pertinent,
704 1535 770 1584 oon
795 1507 941 1607 applicet
963 1508 1054 1605 leges
1080 1534 1101 1580 a
1126 1535 1164 1580 se
1187 1522 1266 1580 oon·

157 1622 306 1694 stitutas.
324 1622 457 1695 Nullum
473 1648 526 1695 ex.
543 1649 592 1720 gr.
609 1623 752 1697 ccclesia
772 1624 883 1697 ,filium
909 1650 951 1700 en
975 1624 1130 1721 coniugio
1155 1623 1265 1701 siolum

157 1735 251 1811 civili
274 1753 480 1836 procreatum
500 1739 544 1810 ad
565 1764 677 1815 sacros
698 1737 905 1838 promovebit
920 1738 1075 1824 ordines,
1096 1751 1210 1836 utpote
1222 1756 1266 1812 ,eu

158 1851 334 1948 illegitimo
357 1866 476 1925 ortum
494 1853 727 1940 matrimonio,
753 1870 786 1926 et
811 1853 857 1925 ita
881 1853 924 1926 de
948 1853 1080 1926 ceteris.
1178 1906 1181 1913 ·
1242 1859 1247 1869 '

166 2018 191 2043 .-
232 1967 338 2064 Igitur
359 1966 451 2041 nulla
470 1967 613 2042 suboriri
639 1981 747 2066 potest
769 1967 948 2054 dubitatio,
976 1968 1066 2065 quod
1091 1969 1150 2066 qui
1175 1968 1265 2042 civili

159 2096 289 2159 tantun
314 2099 393 2154 sunt
412 2080 560 2179 copulati
585 2082 742 2178 coniugio
765 2080 956 2163 habeantur·
976 2095 1016 2152 ut
1037 2080 1163 2179 publici
1183 2096 1267 2159 Acon*
1319 2176 1321 2179 Ι

157 2194 341 2280 otthinoni,
365 2209 469 2293 atque]
485 2195 602 2293 poenis
623 2179 794 2274 canonicis
812 2195 966 2281 obnoxii,
987 2211 1085 2293 prout
1105 2196 1141 2266 ia
1161 2210 1267 2272 enun-

156 2309 303 2414 ciatione
322 2309 423 2387 huius
442 2310 571 2387 articuli
592 2310 845 2388 affirmavimus.
864 2313 1006 2408 Insuper
1025 2310 1118 2388 nulla
1143 2309 1266 2409 pariter

157 2422 334 2500 dubitatio·
348 2423 438 2502 subit
454 2440 695 2522 „potestatem
712 2423 846 2499 ciuilem¹
867 2410 1052 2523 {numquam
1064 2449 1190 2522 posse·
1204 2423 1267 2502 ilu-

160 2537 288 2634 pedire,
304 2541 481 2637 quominus
500 2540 578 2613 illae
594 2541 824 2627 incurrantur,
839 2539 971 2615 etiamsi
989 2541 1022 2618 ri
1037 2524 1175 2621 externa
1191 2564 1267 2617 cous

159 2652 469 2730 nitatur-obsistere
494 2653 727 2729 nonnullarum
752 2654 951 2729 terrecutioni.¹
990 2706 992 2713 ,
1090 2704 1092 2708 .
1178 2699 1182 2705 ·

536 2896 538 2900 ‘
571 2899 776 2978 narremus
795 2921 831 2974 rr.
891 2935 893 2941 ·

164 3172 181 3182 ··
195 3122 627 3206 Ratrlnrontumelailenetora
640 3126 860 3221 sua-eppontmr
880 3123 1059 3204 Matrnnoriss
1079 3124 1237 3214 christiani!
1256 3178 1260 3185 ·

162 3236 201 3298 ·ζ
418 3241 684 3318 indurarentur,
705 3240 839 3317 favetque
857 3239 1000 3302 dvenio
1068 3296 1103 3301 .,

195 3496 198 3519 ³
231 3468 577 3544 Doctrina³catbolica
600 3485 676 3558 est,
700 3470 845 3544 ¹foedera
871 3467 1035 3569 nuptialia
1059 3466 1267 3561 cameleon*

159 3578 328 3656 summata
341 3580 1267 3685 numquam-inchristianelegoquoadvinculumposse

159 3696 325 3771 dissolui:
358 3725 459 3798 quam
492 3699 627 3798 quidem
656 3699 840 3774 doctrinam
866 3701 914 3773 uti
940 3700 1144 3798 exploratam
1169 3695 1268 3772 assu·

160 3814 298 3900 mimus,
318 3837 459 3914 eamque
472 3812 629 3889 suo-loco
648 3812 907 3890 uindicabimus.
919 3812 999 3903 vlaem
1024 3811 1268 3889 re'ro'indisse

160 3927 319 4002 labilitati
345 3929 660 4004 bule-omnimodae
682 3947 784 4031 atque
808 3945 988 4031 perpetuae
1006 3924 1159 4026 'coniugii
1178 3929 1268 4001 chri-

160 4044 262 4117 stiani
288 4046 484 4120 adversatur
507 4046 754 4120 matrimonium
780 4047 980 4145 simpliciter
1004 4044 1112 4119 civile.

160 4154 166 4164 ”
224 4159 312 4233 Sane
324 4160 547 4235 omnimodam
561 4162 749 4237 firmitatem
762 4160 993 4261 adsequuntur
1009 4154 1266 4233 christianorum

162 4273 329 4346 connubia
354 4299 393 4346 ex
419 4275 632 4373 apertissimo
656 4276 779 4350 Christi
805 4274 958 4350 oraculo:
981 4273 1074 4360 Quod
1091 4271 1178 4345 Dens
1195 4298 1269 4343 cou-
