2872 5062
162 343 229 415 tto
367 362 429 412 nr.
451 362 473 410 1.
496 361 583 410 sacr.
605 360 734 408 asrael.
757 360 796 408 or
813 360 945 410 sarriri.
967 360 1077 411 ervrrr.

235 483 301 554 Nec
321 478 421 552 refert
437 495 607 577 tamquam
625 476 733 574 legem
759 479 852 575 regni
879 479 1065 552 admissam
1083 480 1190 554 luisse
1207 482 1277 555 lor-

163 624 250 672 mam
268 623 289 669 a
307 595 487 668 tridentino
511 594 757 694 praescriptam
784 595 820 664 in
845 593 1057 669 celebrandis
1082 596 1276 694 coniugiis;

161 713 331 813 siquidem
352 712 416 784 boo
437 737 503 783 non
526 709 666 809 impedit
685 709 867 808 quominus
880 710 988 784 lorma
1002 710 1060 784 illa
1072 713 1142 785 vim
1156 712 1281 786 babeat

160 856 258 904 suam
272 828 316 902 ab
329 826 525 901 auctoritate
538 825 685 900 concilii.
703 826 769 898 Les
785 825 904 925 utique
920 826 1029 900 civilis
1049 827 1225 925 adoptavit
1238 854 1280 904 ac

161 973 259 1021 suam
274 944 365 1018 illam
380 944 520 1018 sormam
534 943 630 1029 lecit,
652 941 843 1014 adiiciendo
861 943 1067 1016 sanctionem
1086 959 1277 1029 externam,

160 1063 225 1160 legi
245 1062 288 1136 ab
308 1061 452 1135 ecclesia
479 1073 621 1133 statutae
648 1062 736 1154 (93);
756 1059 792 1130 in
809 1085 877 1157 quo
898 1058 1026 1133 nullum
1047 1074 1100 1132 est
1121 1059 1281 1134 inconve-

161 1179 272 1265 niens,
289 1177 356 1250 imo
370 1175 553 1274 optandum
568 1191 680 1262 esset,
696 1189 733 1246 ut
745 1173 873 1272 ubique
885 1174 1034 1247 locorum
1053 1174 1218 1272 guberaia
1231 1175 1280 1250 ita

162 1319 200 1366 se
218 1306 391 1388 gererent3
413 1305 491 1362 tunc
510 1289 599 1361 enim
618 1288 796 1361 coniuncto
817 1287 951 1361 foedere
968 1304 1111 1389 utraque
1128 1303 1281 1388 potestas

160 1405 390 1481 ecclesiastica
416 1420 448 1477 et
472 1403 582 1476 civilis
607 1428 675 1476 uno
701 1402 813 1475 animo
838 1403 1053 1476 coniurarent
1070 1403 1104 1475 in
1123 1403 1279 1484 subdito-

163 1547 237 1594 rum
259 1520 386 1599 bonum
411 1519 593 1591 efficaciter
612 1517 844 1590 obtinendum.
870 1519 1022 1592 Potestas
1048 1520 1139 1591 enim
1165 1517 1280 1594 civilis

164 1664 245 1712 suas
268 1635 423 1709 iaciendo
448 1633 611 1706 ecclesiae
628 1632 742 1730 leges,
762 1633 898 1706 illarum
916 1634 1185 1708 observationem
1203 1660 1280 1735 pro

163 1754 299 1827 veheret
316 1766 497 1848 et'urgarot
519 1750 724 1849 pracsertim
741 1776 845 1848 penes
868 1776 945 1837 eos,
967 1751 1026 1849 qui
1045 1751 1112 1824 fide
1129 1751 1275 1837 debiles,

165 1884 225 1941 aut
250 1866 415 1941 increduli
442 1891 508 1939 non
534 1880 807 1966 permoverentur
831 1864 914 1937 solis
940 1864 1173 1964 spiritualibus
1200 1891 1281 1938 con·

164 1984 273 2070 suris3
299 1998 449 2082 potestas
471 2006 550 2055 vero
574 1979 806 2054 ecclesiastica
830 1980 1004 2053 induceret
1021 1980 1140 2054 fideles
1159 1982 1202 2053 ad
1220 1981 1279 2055 ob

161 2098 414 2199 temperandum
435 2097 526 2171 civili
552 2096 707 2196 potestati
725 2113 791 2170 n'on
811 2095 919 2169 solum
938 2112 1074 2195 propter
1090 2096 1194 2183 iram,
1215 2098 1278 2170 sed

161 2324 200 2374 ias
211 2322 304 2373 decretl
315 2322 389 2372 verba
399 2323 457 2373 sont
470 2321 635 2384 insequentia:
649 2320 825 2382 «cardinales,
838 2321 1030 2384 archiepiscopi,
1040 2321 1166 2386 episcopi,
1177 2323 1281 2386 praelati

159 2404 185 2454 et
195 2402 238 2452 alii
247 2402 405 2453 ecclesiastici
421 2400 469 2450 viri
483 2403 690 2464 repraesentantes
701 2400 794 2450 clerum
806 2400 948 2450 uuiversum
959 2402 1076 2452 Franciae
1084 2402 1225 2465 cougregati
1236 2415 1279 2452 aa·

162 2485 253 2535 noeate
264 2496 334 2546 rege,
347 2482 448 2533 caristie
458 2483 483 2531 ia
494 2484 616 2532 conventu
631 2481 875 2544 augustinianorum,
887 2484 944 2545 posi
955 2484 1078 2532 maturam
1090 2483 1157 2532 circa
1168 2482 1277 2547 publica.

161 2564 253 2614 tionem
264 2562 363 2612 concilii
372 2561 499 2611 tridentini
511 2561 725 2623 deliberationem,
742 2561 891 2612 unanimiter
904 2562 1058 2624 agnoverunt
1068 2563 1094 2612 et
1103 2561 1276 2625 declararunt,

159 2644 293 2706 agnoscunt
311 2644 336 2692 et
352 2641 490 2702 declarant,
501 2655 528 2692 se
537 2641 640 2704 obligari
650 2655 695 2704 pro
705 2655 750 2692 suo
760 2641 843 2690 oiiioio
853 2642 878 2690 et
888 2641 1037 2692 conscientia
1048 2641 1079 2691 ad
1091 2641 1277 2705 recipiendum,

160 2710 231 2773 strati
241 2723 489 2786 reipscreceperant
499 2722 671 2784 etrecipt'unt,
680 2722 816 2785 praelatum
825 2720 997 2785 consiliumet
1006 2721 1231 2785 spondentselllud
1242 2721 1284 2772 ob

158 2805 315 2865 servaturos,
327 2804 447 2866 quantum
460 2804 616 2866 possantper
627 2801 777 2851 functionem
788 2805 895 2852 suamet
904 2803 1076 2853 auctoritatem
1088 2803 1245 2866 spiritualem
1255 2806 1279 2854 et

158 2884 330 2948 pastoralem„
340 2885 406 2933 llaec
416 2896 490 2945 porro
507 2881 648 2932 deliberatio
662 2882 813 2946 singulorum
825 2882 1047 2946 subscriptionibus
1057 2896 1086 2933 ac
1096 2883 1237 2933 iuramento
1247 2883 1278 2933 ad

159 2964 244 3014 sancta
254 2962 380 3025 evangelia
391 2960 536 3012 confirmata
550 2962 605 3011 luit.
620 2962 667 3011 flio
685 2964 766 3012 autem
781 2964 865 3012 coetus
879 2962 1066 3025 augustissimus
1080 2962 1179 3026 extitit,
1192 2964 1277 3026 utpote

157 3043 307 3095 mnsbtutus
318 3043 397 3095 tribus
409 3040 591 3104 cardinalibus,
605 3041 783 3105 quinquaginta
795 3041 929 3104 episcopis,
944 3054 973 3091 ao
986 3041 1086 3104 triginta
1096 3041 1200 3093 secandi
1212 3041 1277 3094 ordi·

159 3123 207 3174 nis.
218 3124 347 3189 Quotquot
360 3123 462 3186 posthac
472 3121 594 3179 celebrata
604 3123 774 3172 suatconciiia
784 3123 809 3171 in
821 3122 910 3172 Galliis
922 3122 1084 3186 provincialia
1101 3123 1213 3186 professa
1223 3123 1280 3172 sunt

158 3215 184 3252 se
193 3189 291 3253 concilii
298 3200 425 3252 tridentini
434 3202 538 3253 decretis
546 3201 745 3264 disciplinaribus
756 3201 886 3264 obstricta;
896 3201 1042 3252 nominatim
1052 3215 1122 3264 vero,
1129 3214 1194 3264 quae
1203 3215 1281 3267 nuper

163 3282 195 3332 ab
204 3296 270 3333 anno
283 3290 343 3334 taso
352 3282 384 3333 ad
394 3295 434 3333 au.
450 3273 518 3334 teto.
529 3282 628 3333 tucrum
638 3281 768 3332 celebrata.
780 3281 845 3340 Quid
856 3282 888 3332 ad
899 3282 960 3332 baec
969 3284 1052 3333 orator
1060 3282 1223 3346 subalpinos?

196 3351 198 3356 ’
234 3362 279 3412 llis
290 3361 405 3412 addimus
413 3363 459 3413 cel.
470 3365 506 3413 De
515 3364 609 3424 Marce,
620 3362 663 3424 qui
674 3361 698 3411 ln
710 3375 755 3412 suo
767 3375 806 3424 op.
815 3365 854 3411 De
865 3360 1017 3422 eoncordia,
1031 3361 1056 3410 ia
1065 3361 1280 3425 prolegomtesta·

158 3442 201 3491 tur
213 3440 342 3491 «concilii
355 3440 482 3494 tridentini
492 3441 588 3504 regulas
596 3441 654 3491 fidei
664 3455 762 3504 omnes,
774 3443 800 3491 et
809 3441 955 3505 disciplinae
965 3441 1118 3505 praecipuas,
1126 3441 1280 3492 constitutio·

162 3520 237 3572 nibus
247 3520 314 3584 regni
325 3521 470 3572 admissas.»

231 3599 282 3664 (93)
294 3600 412 3664 apposite
426 3601 459 3650 cl.
471 3600 617 3652 Leullierius
638 3600 692 3651 loco
712 3614 769 3650 mor
787 3600 887 3651 citando
897 3600 933 3650 sic
944 3600 1062 3650 adversas
1072 3600 1225 3664 Leunoium,
1235 3600 1278 3664 qai

159 3678 264 3744 praeivit
279 3678 372 3729 oramri
388 3681 473 3730 nostro
481 3716 489 3742 ‚
500 3680 550 3729 imo
561 3692 591 3730 er
602 3694 652 3744 quo
663 3682 747 3731 orator
762 3681 825 3730 bano
843 3681 921 3743 ipsam
939 3679 1110 3729 difficultatem
1127 3679 1277 3743 depromsit,

158 3757 245 3809 scribit
260 3772 334 3823 ageas
344 3758 375 3810 de
385 3763 505 3810 conventu
517 3760 622 3810 blesensi
633 3781 645 3805 «
653 3759 770 3810 Iniuriam
781 3773 881 3824 quoque
891 3761 983 3810 iaceret
993 3759 1092 3822 regibus
1106 3758 1199 3810 nostris
1212 3759 1277 3822 qais·

159 3851 210 3907 quq
227 3841 357 3902 assereret,
374 3839 442 3903 quod
467 3853 535 3902 reges
554 3841 769 3903 Christianissimi,
785 3855 815 3891 ne
830 3841 973 3890 viderentur
984 3841 1009 3890 in
1022 3839 1096 3890 rebus
1105 3838 1277 3891 molestasticis

158 3918 309 3982 sanciendis,
323 3919 418 3982 iegibus
435 3920 551 3970 ecclesiae
568 3921 669 3971 obnoxii
680 3934 745 3983 esse,
757 3934 863 3971 canones
875 3920 1038 3970 conciliorum
1049 3921 1102 3970 sois
1115 3919 1204 3971 edictis
1215 3920 1274 3970 iaso

160 3999 266 4051 ruerint:
283 4012 389 4050 canores
399 4000 464 4051 euim
475 4000 532 4050 illos
540 4001 696 4052 inseruerant
705 4003 757 4051 suis
768 4001 794 4051 in
804 4000 1036 4063 constitutionibus,
1048 4014 1099 4050 noa
1109 4000 1179 4064 quod
1195 4001 1273 4064 legum

160 4079 381 4133 ecclesiasticarum
396 4081 444 4132 sibi
452 4082 599 4145 potestaten
607 4081 755 4132 attribuant:
767 4081 810 4132 sed
821 4081 990 4145 iasaroemnt,
1003 4081 1128 4144 utpoenis
1136 4079 1273 4144 temporali·

157 4161 205 4212 bus
215 4161 298 4226 legam
309 4162 528 4215 ecclesiasticarum
544 4161 677 4212 violatores
693 4163 845 4225 coercerent3
863 4163 1033 4224 inseruemnt,
1045 4161 1104 4224 qula
1113 4161 1231 4212 eodesiae
1240 4160 1274 4210 di·

157 4241 302 4306 caminam,
313 4242 379 4307 leges
390 4244 415 4294 et
423 4242 498 4294 tidem
511 4256 556 4294 sua
567 4256 666 4306 quoque
680 4243 825 4295 auctoritate
842 4244 967 4306 protegere
981 4243 1007 4293 et
1019 4243 1173 4293 commanire
1182 4241 1274 4301 solean

159 4323 326 4386 inseruerant,
337 4325 397 4387 quie
409 4323 436 4374 ld
447 4326 632 4388 postulaverant
642 4323 750 4389 episcopi
762 4323 903 4388 gallicani.»
