2872 5062
231 413 301 463 GAP.
315 412 339 462 1.
352 413 423 463 ΔΜ.
437 413 486 463 m.
498 415 537 463 ΒΕ
550 415 655 464 vauls.
668 415 754 465 SAGR.
770 416 864 465 utra.
875 416 919 464 Π
934 415 1064 466 Tim-⁴8.
1079 419 1180 467 PAULI.
1238 398 1282 468 37

167 531 251 604 Nam
264 531 422 630 quamvis
436 530 518 604 haee
529 532 631 605 verba
648 560 708 632 per
725 560 762 606 se
780 535 947 608 satisssnon
962 537 1114 609 evincant
1127 537 1284 611 christia-

165 672 287 721 norum
302 647 498 743 coniugium
515 673 592 721 vere
609 665 643 720 et
659 650 794 747 proprie
810 677 886 722 esse
904 667 1160 739 sacramentum,
1176 680 1281 752 quum

167 761 210 834 ud
228 761 436 860 primitivum
454 778 727 863 protoparentum
745 767 1009 850 matrimonium,
1024 783 1131 866 atque
1148 769 1190 841 ad
1206 795 1283 855 ‚suc-

165 876 304 951 cessiva
320 878 423 952 etiam
440 880 654 974 matrimonia
670 898 747 954 ante
764 880 935 973 Christum
953 882 1148 970 referantur,
1171 899 1281 957 tamen

163 992 199 1066 si
214 992 462 1068 ecclesiasticae
486 996 873 1094 intrepretationisratio
890 997 1073 1084 habeatur,
1095 998 1173 1070 inde
1195 999 1280 1072 effici

161 1106 495 1206 *potastbuiusmodi
527 1109 640 1183 verba
653 1111 789 1209 proprio
812 1110 958 1210 quodam
981 1111 1083 1184 sensu
1104 1112 1148 1185 ad
1166 1138 1282 1185 sacra·

162 1239 329 1320 mantum·
341 1225 543 1299 matrimonii
562 1227 738 1300 christiani
756 1228 900 1300 maxime
912 1226 1114 1325 pertinere}
1129 1224 1281 1328 adeoque

163 1339 257 1438 quod
272 1365 336 1438 per
352 1365 390 1412 se
403 1341 490 1412 'satis
516 1340 660 1413 innuunt
685 1368 724 1414 ae
749 1341 942 1427 insinuant,
961 1342 1149 1414 accedente
1166 1343 1281 1417 catho-

161 1455 231 1528 iioa
247 1455 521 1554 interpretatione
538 1457 639 1530 etiam
657 1474 747 1531 certo
764 1458 1005 1532 demonstrant.
1022 1457 1173 1530 Vidimus
1191 1458 1280 1533 enim

162 1571 298 1644 tamin
323 1570 502 1670 ritualibus
528 1589 597 1645 tum
622 1574 658 1644 in
684 1573 913 1671 euchologiis,
935 1590 1004 1646 turn
1030 1575 1168 1647 etiama
1192 1600 1275 1647 rom.

168 1686 527 1786 pontifio'ibuS,>atque
541 1687 572 1761 'a
597 1689 750 1788 patribus
776 1715 817 1761 ea
839 1688 942 1761 verba
965 1689 1126 1786 proferri,
1154 1706 1213 1763 aut
1236 1690 1279 1762 ad

164 1801 336 1897 aaalludi
350 1861 358 1889 ,
374 1802 434 1876 ita
458 1820 496 1876 ut
519 1831 559 1885 ex
585 1832 688 1878 sensu
721 1806 820 1878 totius
854 1805 1062 1904 antiquitatis
1087 1799 1216 1879 oonstet
1240 1831 1280 1878 ea

163 1917 206 1990 de
228 1919 313 1992 rem'
333 1936 543 1993 sacramento
574 1921 716 2018 gratiam
749 1918 936 1994 conferente
962 1921 996 1992 in
1022 1915 1281 1995 christianorum

159 2033 331 2132 ooniugiis
353 2032 431 2108 esse
455 2034 684 2134 intelligenda.
749 2053 752 2060 '
843 2066 846 2073 ’

163 2188 170 2195 ··
204 2178 207 2183 ·
236 2148 461 2236 Quamobrem
476 2178 543 2226 non
561 2147 725 2226 immerito
738 2154 960 2227 Bellarminus
972 2146 1149 2251 eprbes.
1161 2155 1199 2224 V.
1215 2157 1272 2224 32.

161 2278 298 2363 patrum
322 2251 492 2340 traditioni
510 2267 646 2339 innixus
655 2267 798 2340 ¹eonsreit
815 2260 1062 2340 matrimonium
1080 2265 1278 2339 christiano·

161 2405 236 2452 rum
263 2377 402 2454 aere-et
426 2380 561 2480 proprie
592 2379 814 2486 novaelegis
848 2407 924 2454 esse
956 2394 1212 2454 sacramentum.
1242 2380 1276 2450 Si

161 2494 270 2580 enim,
286 2493 330 2566 ut
341 2494 667 2593 ipser'atiocin'atur,
683 2496 726 2568 ad
744 2491 1014 2569 constituendum
1032 2487 1276 2568 sacramentum

160 2610 226 2682 tria
251 2607 461 2683 ostendenda
494 2625 592 2699 sunt,
607 2611 786 2686 institutio
818 2605 954 2684 seilicet
977 2610 1111 2698 divina,
1141 2609 1276 2707 signum

163 2749 224 2797 seu
254 2723 445 2823 symbolum
470 2725 519 2797 rei
548 2752 684 2813 sacrae,
714 2742 747 2797 et
771 2723 910 2823 gratiae
925 2725 1170 2798 sanctificantis
1200 2751 1278 2823 pro-

162 2838 299 2926 missio,
321 2864 397 2912 oum
423 2841 486 2911 tria
510 2840 594 2913 baec
616 2826 816 2914 concurrant
831 2842 866 2913 in
883 2840 1143 2914 christianorum
1161 2841 1278 2913 eoniu-

162 2953 275 3051 gium,
293 2956 443 3054 profesto
464 2956 552 3028 inihil
576 2957 743 3056 estquod
769 2957 952 3029 desiderari
978 2956 1087 3055 possit
1103 2954 1146 3027 ad
1173 2954 1275 3026 buius

163 3070 365 3141 sacramenti
390 3069 555 3143 virtutem.
585 3071 685 3144 Porro
710 3071 752 3143 de
776 3071 890 3144 divina
914 3068 1117 3142 matrimonii
1134 3069 1276 3141 instita
1308 3081 1311 3085 '

159 3183 253 3277 tione
271 3183 365 3257 nulla
380 3202 434 3266 est
449 3186 620 3284 quaestio,
641 3211 717 3258 oum
744 3201 966 3284 protestantes
984 3185 1018 3256 id
1035 3183 1122 3256 ultro
1147 3183 1276 3256 fatean-

160 3313 227 3386 tur,
248 3296 316 3371 imo
332 3301 552 3387 contendant;
573 3315 794 3399 etpraeterea
814 3300 988 3373 evidenter
1007 3315 1135 3373 constet
1155 3325 1196 3372 ex
1214 3299 1276 3372 Ge-

160 3439 233 3487 nes.
250 3413 294 3484 11.
313 3414 371 3486 18'.
389 3416 491 3488 Math,
506 3416 592 3487 XIX.
612 3415 867 3488 o.1.cor.vl1.
886 3417 943 3487 38.
962 3417 988 3486 1.
1006 3412 1149 3488 Timotb.
1166 3415 1218 3485 IV.
1234 3417 1273 3533 3,Ι

159 3545 193 3600 et
209 3528 246 3600 V.
270 3530 331 3601 ib?
350 3530 452 3603 Hebr.
472 3532 563 3602 XlH.
586 3534 618 3602 b.

233 3644 304 3716 lam
328 3671 407 3718 vero
434 3645 531 3745 ‘quod
563 3647 821 3742 christianorum
853 3647 1045 3743 coniugium
1060 3730 1063 3735 ,
1078 3647 1212 3742 signum
1243 3662 1275 3716 et

159 3753 352 3858 symbolum
370 3761 415 3832 sit
432 3760 479 3832 rei
498 3787 613 3834 sacrae
630 3761 751 3836 evincit
765 3770 808 3833 'ex
824 3762 888 3835 hoo
906 3776 995 3834 textu
1012 3759 1139 3859 Ephes.
1156 3759 1193 3829 V.
1213 3760 1270 3830 32.

159 3872 218 3946 ubi
244 3873 425 3974 Apostolus
457 3876 705 3949 matrimonium
730 3902 796 3949 non
824 3858 931 3949 solum
955 3889 1194 3960 sacramentum
1215 3899 1275 3944 ex-

143 4008 278 4088 ‘presse
309 4006 424 4079 vocat,
455 3991 515 4063 sed
548 3991 641 4063 addit
671 4019 824 4091 mappam
857 4017 933 4064 esse
964 3994 999 4061 io
1031 3991 1158 4062 Christo
1184 4001 1214 4058 et
1238 3989 1274 4056 io

158 4105 311 4191 οεοὶεείω
329 4120 567 4177 sacramentum
592 4122 702 4179 autem
729 4106 792 4180 hoe
818 4106 889 4179 loeo
911 4131 981 4178 non
1004 4101 1272 4177 coniunctionem

153 4216 283 4292 Christi
302 4246 378 4292 eum
396 4219 557 4308 eeclesia,
579 4236 676 4319 prout
702 4222 883 4308 LutheruS,
905 4219 1084 4303 Calvinus,
1110 4217 1272 4288 Erasmus

156 4331 285 4434 aliique
309 4334 533 4422 contendunt,
556 4336 614 4409 sed
632 4337 744 4435 ipsum
767 4336 830 4410 viri
849 4363 887 4408 ao
905 4333 1053 4409 mulieris
1079 4324 1271 4427 coniugium
