2872 5062
302 363 371 414 err.
393 364 428 414 u.
451 363 492 414 nn
507 357 673 415 'nrursrno
696 365 765 414 snr.
789 367 811 414 r.
835 365 964 425 ournsr.
986 366 1092 418 onruo.
1229 349 1272 418 65
1298 375 1318 385 ··

228 475 450 588 Stainbachus
462 482 680 556 Wandelinus
700 485 819 584 Sappl.
833 501 997 557 comment.
1020 486 1185 560 Gabrielis
1206 488 1276 561 Biel
1398 485 1401 491 ’

157 597 192 671 in
219 599 253 669 4:
271 584 363 672 Sent.
383 592 465 672 dist.¹
487 600 545 671 27.
570 598 796 672 «Consensus
821 600 1109 689 contrahentium,
1138 603 1274 703 inquit,

155 729 207 787 est
231 716 336 788 causa
359 713 513 788 efficiens
539 714 742 789 matrimonii
764 716 866 811 (27)»
891 730 924 789 et
942 715 1068 789 «debet
1087 743 1164 790 esse
1188 732 1277 790 exte-

158 827 231 902 rius
254 828 505 916 manifestatus,
534 829 616 928 quia
646 845 856 903 sacramenta
879 824 968 905 'sunt
998 832 1097 928 signa
1131 832 1277 906 sensibi-

159 941 207 1016 lia
222 945 337 1040 (28).»

231 1059 430 1136 Franciscus
462 1059 599 1135 Orando
624 1060 781 1158 Megillon
811 1062 854 1134 de
879 1048 1024 1135 Parodes
1055 1062 1090 1133 in
1124 1065 1156 1134 4.
1184 1064 1273 1136 Sent.

159 1173 238 1248 dist.
259 1162 319 1247 27.
342 1199 440 1275 prop.
457 1175 501 1246 Il.
519 1175 585 1248 ait:
610 1174 748 1249 «Causa
774 1175 926 1248 efficiens
953 1175 1202 1250 matrimonium
1228 1194 1280 1252 est

159 1292 350 1363 consensus
370 1305 506 1363 mutuus
531 1290 710 1389 coniugum
731 1316 910 1389 expressus
928 1316 989 1389 per
1004 1290 1107 1365 uerba
1124 1291 1167 1365 de
1184 1319 1280 1391 prae-

160 1404 353 1499 senti·(29).
373 1432 391 1473 »
407 1396 449 1477 Et
461 1403 541 1477 dist.
560 1407 618 1476 28.
636 1405 768 1478 subdit:
793 1403 1042 1479 «clandestina
1067 1407 1282 1481 matrimonia

162 1517 297 1591 fuerunt
328 1543 426 1605 vera,
455 1532 526 1591 rata
545 1534 578 1592 et
599 1518 696 1592 firma
724 1532 801 1590 ante
830 1518 1008 1592 concilium
1041 1518 1277 1608 tridentinum,

163 1648 240 1730 post
264 1632 357 1706 istud
376 1648 455 1706 sunt
479 1633 557 1731 ipso
582 1633 655 1706 iura
679 1632 772 1706 nulla
789 1634 902 1729 (30).»
943 1680 945 1684 >

231 1747 425 1847 Stephanus
450 1747 592 1821 Bruliser
617 1773 678 1821 seu
702 1747 859 1822 Brulcver
884 1748 920 1820 in
949 1749 981 1820 d.
1003 1747 1083 1822 dist.
1106 1751 1171 1820 26.
1185 1749 1222 1848 §
1242 1752 1276 1820 1.

161 1862 303 1937 scribit:
335 1862 620 1936 «Sacramentum
651 1877 763 1937 autem
796 1862 1001 1936 matrimonii
1027 1876 1079 1936 est
1107 1863 1282 1963 expressio

162 1995 328 2054 cartorum
353 1978 531 2054 verborum
550 1980 604 2054 vel
623 1981 797 2078 signorum
822 1979 926 2053 maris
948 1994 981 2053 et
1000 1979 1167 2054 foeminae
1183 1979 1228 2053 ad
1246 2007 1283 2055 se

164 2096 310 2171 invicem
336 2095 600 2194 significantium
623 2095 836 2170 traditionem
858 2111 995 2167 mutuae
1015 2096 1190 2193 potestatis
1210 2121 1284 2169 cor-

165 2208 321 2310 porum.»¹
336 2211 379 2285 Et
395 2211 497 2310 paulo
517 2227 593 2310 post
613 2209 725 2284 addit:
750 2211 817 2282 «ln
831 2211 906 2310 ipso
920 2225 1128 2284 sacramento
1149 2211 1283 2307 signum

165 2339 217 2399 est
233 2323 371 2400 verbum
393 2325 447 2399 vel
467 2339 586 2399 nutus:
608 2323 711 2398 verba
730 2339 826 2398 sunt:
847 2325 897 2395 Do
914 2326 947 2395 si
962 2322 1059 2409 deror
1076 2338 1109 2395 et
1122 2322 1202 2396 dist.
1222 2325 1280 2395 27.

164 2467 198 2542 q.
217 2442 252 2514 3.
272 2439 500 2515 «Consensus
521 2454 574 2514 est
594 2465 698 2515 causa
721 2440 939 2514 matrimonii.
958 2498 964 2511 .
980 2498 986 2511 .
1003 2455 1056 2513 .et
1072 2465 1139 2513 non
1158 2439 1285 2514 sufficit

165 2580 351 2632 consensus
376 2553 503 2629 vocalis
529 2555 604 2628 sine
629 2554 791 2642 mentali,
820 2555 901 2655 quia
926 2554 962 2626 in
987 2555 1144 2628 omnibus
1173 2579 1285 2629 sacra-

167 2672 290 2747 mentis
316 2672 499 2774 requiritur
523 2672 664 2745 intentio
693 2671 839 2746 faciendi
865 2670 957 2772 quod
981 2670 1061 2745 facit
1079 2670 1259 2745 ecclesia.»

239 2787 399 2862 Nicolaus
421 2788 464 2860 de
484 2786 631 2862 Orbellis
652 2787 688 2859 in
712 2789 745 2859 d.
763 2785 842 2861 dist.
861 2787 919 2860 27.
938 2812 973 2886 q.
992 2788 1026 2857 1.
1047 2816 1065 2856 «
1074 2785 1158 2859 Cum
1171 2787 1287 2860 matri-

170 2903 318 2976 monium
344 2904 389 2978 sit
413 2917 661 2977 sacramentum
687 2901 730 2975 dc
754 2902 851 2976 cuius
877 2901 1005 2975 ratione
1029 2916 1099 2988 est,
1126 2901 1217 3000 quod
1243 2901 1287 2973 sit

170 3018 306 3117 signum
331 3019 511 3107 sensibile,
540 3033 669 3118 oportet
694 3043 896 3092 consensum
922 3015 1202 3090 matrimonialem
1227 3040 1288 3113 par

170 3134 273 3210 uerba
297 3135 352 3209 vel
369 3134 445 3208 'alia
471 3134 570 3232 signa
595 3134 775 3233 exprimi.»

240 3251 290 3323 lo.
308 3247 433 3349 Papius
446 3247 655 3323 Palantorius
668 3248 704 3319 in
720 3249 754 3319 4.
766 3246 845 3321 dist.
860 3247 918 3318 at.
929 3260 1010 3319 sect.
1020 3244 1136 3317 CXlll.
1150 3244 1288 3330 «Quae—

170 3349 357 3438 dam¹sunt
380 3361 423 3436 de
448 3361 648 3436 sacramenti
675 3361 894 3446 necessitate,
919 3374 951 3432 et
972 3358 1139 3460 quaedam
1165 3357 1208 3430 de
1234 3381 1289 3430 so

170 3477 613 3552 damnitate.1nmatrimonii
626 3475 908 3551 substantiamest
916 3500 1102 3548 consensus
1114 3500 1176 3573 per
1187 3471 1289 3547 verba

172 3591 213 3667 de
237 3592 408 3693 praesenti
434 3616 643 3691 expressus»
663 3591 853 3664 etiterum:
879 3604 1152 3663 «sacramentum
1174 3586 1289 3659 matri—

173 3708 276 3781 monii
303 3722 355 3782 est
378 3707 552 3806 expressio
576 3705 754 3780 verborum
780 3705 884 3780 maris
905 3720 939 3776 et
960 3704 1127 3778 foeminae
1152 3703 1290 3802 signan-

172 3819 254 3894 tium
280 3820 494 3895 traditionem
519 3836 655 3896 mutuae
680 3819 855 3919 potcstatis
872 3821 986 3914 (31).»

244 4009 297 4074 (27)
313 4010 372 4072 rag.
386 4012 439 4061 itt.

243 4087 535 4152 fflQmmn

244 4168 296 4232 (aa)
311 4169 364 4220 For.
377 4174 401 4220 a.
412 4180 477 4220 vers.

245 4245 297 4311 (³⁰)
312 4247 365 4298 Fol.
379 4255 403 4300 a.

245 4327 297 4391 (tr)
312 4331 372 4391 Par.
381 4333 492 4382 ³8³·835.
