2872 5062
504 464 687 536 Sliss'fli)
712 463 923 534 ALTERA

265 669 267 674 ·
315 640 396 767 nn
434 673 850 766 uarnruouro
888 671 1102 762 cruror.

573 1060 576 1067 Ι
606 977 770 1036 carun
785 976 822 1051 1.v

453 1155 493 1206 u!
510 1155 698 1208 tutuluortn
715 1156 828 1208 GWILIS
844 1154 967 1206 utrum

581 1317 790 1376 ARTICULUS
808 1318 831 1373 1.

157 1475 376 1537 Matrimonium
398 1473 515 1552 civile„
530 1473 581 1535 ubi
602 1472 779 1550 publicatum
803 1479 848 1534 est
866 1473 1067 1533 Tridentinum
1082 1470 1264 1553 Concilium,

225 1562 331 1632 ne'tura
343 1564 397 1631 sua
409 1572 501 1648 turpis
510 1576 554 1630 est
563 1568 792 1648 concubinatus,
809 1576 838 1630 et
856 1571 1030 1647 quicumque
1049 1569 1110 1629 solo
1130 1569 1270 1646 coniugio

193 1674 197 1681 “
227 1668 307 1729 civili
327 1671 403 1728 inter
422 1683 453 1728 se
472 1669 621 1729 coniuncti
639 1671 728 1728 vitem
750 1674 861 1745 agunt,
882 1669 981 1744 poenis
998 1666 1173 1727 abbedesla
1196 1665 1263 1726 latis

231 1771 333 1826 eontra
345 1764 479 1841 publicos
491 1764 711 1825 concubinarios
722 1765 840 1825 obnoxii
850 1769 928 1824 sunt.

158 1881 416 2081 Quaestiones
448 1972 612 2045 hactenus
644 1997 665 2044 a
693 1971 790 2044 nobis
823 1972 967 2069 agitatae
990 1970 1034 2043 de
1057 1984 1266 2045 sacramento

157 2085 377 2175 matrimonii,
396 2086 440 2159 de
461 2086 630 2173 ministro,
645 2086 757 2186 deque
773 2085 1060 2185 inseparabilitate
1076 2085 1266 2159 contractus

155 2216 191 2276 et
213 2202 413 2276 sacramenti
439 2202 474 2273 in
500 2201 713 2276 matrimonio
737 2201 938 2288 christiano,
959 2201 1049 2275 uiam
1066 2200 1163 2273 nobis
1180 2199 1267 2274 etra-

156 2333 275 2391 uerunt
292 2318 335 2390 ad
352 2316 596 2416 quaestionem,
613 2341 716 2416 qnam
728 2343 817 2390 nuuc
834 2316 1042 2390 tractandam
1059 2315 1266 2415 suscipimus

156 2431 199 2505 de
222 2432 435 2506 matrimonio
459 2432 562 2507 civili.
588 2432 637 2506 Eo
661 2431 751 2504 enim
776 2430 917 2506 oonsilio
941 2457 982 2504 ea
1006 2430 1262 2529 praemisimus,

156 2560 193 2618 ut
216 2561 388 2645 tamquam
405 2545 441 2617 in
460 2543 561 2618 finem
578 2545 816 2645 praecipuum,
838 2570 939 2645 quem
964 2544 1020 2618 bic
1045 2544 1263 2632 intendimus,

158 2658 289 2733 felicius
318 2659 568 2759 assequendum
597 2675 688 2734 recta
716 2660 947 2758 perducerent.
973 2661 1090 2760 ltaque
1123 2660 1161 2731 in
1191 2660 1268 2759 ipso

158 2774 366 2872 quaestionis
398 2774 534 2848 exordio
559 2775 679 2872 paucis
703 2776 968 2874 perstringamus
997 2789 1154 2874 oportet,
1185 2773 1272 2874 quid

157 2886 268 2960 ciuilis
293 2882 496 2963 matrimonii
521 2904 693 2988 praetextu
708 2891 838 2977 veniat,
857 2915 1041 2990 uerumque
1058 2888 1266 2989 quaestionis

157 3017 281 3078 statum
298 3030 476 3103 ponamus.
749 3014 751 3020 '
1058 3005 1062 3010 ’
1096 3006 1099 3011 ’
1165 3057 1167 3062 -
1216 3054 1219 3063 ‚

228 3117 280 3191 Ad
306 3119 372 3193 boc
395 3137 603 3194 necesseest
618 3121 831 3221 praemittere
839 3122 923 3221 ¹ipsa
938 3119 1043 3194 uerba-
1058 3117 1191 3193 concilii
1200 3117 1272 3190 tri*

157 3232 285 3306 dentini
305 3234 345 3305 in
369 3235 504 3308 decreto
528 3236 573 3309 de
597 3237 833 3325 reiormatione
864 3234 1097 3322 matrimonii-‚³
1118 3236 1210 3334 quiae
1232 3234 1268 3306 in

157 3348 270 3446 priore
294 3347 394 3421 etiam
419 3347 715 3449 sectionepartim
739 3351 841 3425 allata
859 3368 961 3425 sunt:
980 3351 1150 3424 «Tametsi
1167 3350 1268 3423 dubi·

157 3459 298 3533 tandum
316 3487 383 3535 non
400 3478 452 3536 est
467 3462 678 3537 clandestina
694 3464 922 3551 matrimonia,
943 3463 1273 3538 liberocontraber'n'

157 3573 240 3646 tium
264 3599 432 3648 consensu
457 3578 564 3663 fuam,
585 3594 657 3651 rata
673 3593 707 3651 et
721 3604 801 3652 vcra
824 3582 901 3652 esse
925 3577 1137 3652 matrimonia
1153 3586 1268 3677 quam

155 3688 216 3762 diu
229 3689 386 3764 ecelesia
402 3694 444 3764 aa
459 3691 553 3766 irrita
569 3720 637 3767 non
655 3694 752 3782 iecit,
773 3711 807 3767 et
822 3695 965 3793 proinde
987 3695 1061 3767 iure
1084 3690 1267 3767 damnandi

157 3803 227 3877 sint
250 3803 319 3892 iili,
347 3820 387 3878 ut
408 3831 466 3880 eos
492 3833 521 3880 st
543 3808 699 3908 Synodus
719 3809 936 3884 'anathemate
958 3809 1114 3895 damnat,
1143 3808 1202 3906 qui
1221 3813 1270 3880 'oa

157 3944 295 3992 rera‘ac
312 3936 386 3993 rata
401 3948 478 3996 esse
498 3925 621 4021 negant
626 3979 729 3998 .......
739 3924 959 3998 nihilominus
988 3951 1019 3997 s.
1038 3924 1101 3997 Dei
1125 3921 1270 3996 ecelesia

158 4057 197 4104 ex
222 4033 420 4108 iustissimis
444 4037 557 4110 causis
582 4036 640 4109 illa
665 4063 798 4138 semper
822 4039 986 4112 detestata
1003 4053 1055 4111 est
1070 4052 1271 4135 atquepro

160 4145 281 4220 hibuit.
302 4149 422 4222 Verum
447 4176 524 4224 cum
542 4177 572 4226 s.
588 4152 743 4252 Synodus
759 4153 1009 4228 animadvertat
1025 4149 1268 4253 prohibitiones

163 4259 238 4336 illas
262 4267 410 4363 propter
424 4265 596 4341 bominum
622 4268 884 4344 inobedientiam
908 4269 975 4342 iam
1000 4293 1066 4343 non
1086 4266 1271 4366 prodesses
