2872 5062
335 380 403 436 car.
424 382 461 436 u.
481 382 524 435 ns
539 380 699 436 urutsrro.
722 383 794 435 sar.
815 384 838 434 ι.
861 381 991 444 cursor.
1012 383 1118 446 orreo.
1231 369 1280 438 tu

158 502 233 583 'lere
255 499 372 576 secula
396 496 566 578 exclusive
587 502 697 600 riguit
721 502 758 576 in
782 502 946 591 ecclesie,
975 504 1057 604 ipso
1082 505 1175 579 (lano
1198 509 1283 582 testo
1406 549 1408 552 ·

156 613 319 714 becipso
329 612 389 688 lib.
400 615 490 691 vtlt.
506 641 584 715 cap.
596 604 650 690 tt.
662 616 744 690 etv.
756 640 825 691 uon
839 618 1028 716 potuitnon
1040 642 1118 693 esse
1130 620 1283 696 doctrine

161 729 327 810 'acclesiae
343 729 468 830 ipsius.
484 729 584 818 Quod
601 732 631 806 si
649 728 846 807 scholastici
870 733 915 807 ad
940 756 1047 809 unum
1071 749 1190 810 omnes
1207 763 1283 811 con·

161 845 345 923 ‘stituerunt
363 845 547 921 ess'entiam
569 849 771 924 ermamenti
792 849 998 923 matrimonii
1015 850 1052 922 in
1069 865 1185 925 mutuo
1202 873 1283 926 con·-

159 958 369 1040 etherium
392 971 584 1048 consensu,
613 961 761 1062 prolecto
785 989 854 1036 non
878 962 964 1039 'alios
988 963 1144 1038 eiusdem
1170 991 1283 1040 sacrat

161 1073 266 1154 nenti
292 1073 467 1149 ministros
501 1100 604 1176 quarn
637 1075 898 1165 contrahentes,
926 1066 989 1152 nec
1013 1077 1116 1153 aliam
1140 1079 1282 1154 formam

163 1202 297 1287 praeter
306 1186 411 1264 sorba
423 1188 549 1289 quibus
562 1189 763 1289 exprimitur
774 1198 1146 1292 consensus,quaererc
1154 1193 1278 1268 tuaest.
1367 1231 1369 1236 .

155 1320 179 1372 .’
234 1303 398 1403 Superest
416 1319 455 1379 ut
473 1303 704 1404 expendemus
725 1319 838 1379 utrum
861 1304 979 1380 saltem
999 1307 1179 1382 concilium
1206 1332 1284 1408 pro·—

158 1418 308 1497 tineiale
339 1418 553 1509 coloniense,
581 1419 674 1520 quod
702 1419 908 1495 celebratum
935 1436 987 1496 est
1010 1448 1068 1496 an.
1089 1425 1197 1495 teet.
1220 1423 1284 1496 'snb

160 1531 419 1634 archiepiscopo
429 1535 636 1623 Hermanno,
647 1551 770 1634 vpostea
791 1535 967 1611 lutherano
983 1544 1153 1637 apostata,
1173 1564 1284 1612 mnes-

159 1648 278 1724 serita
290 1649 461 1756 communi
471 1662 487 1736 ,'
497 1649 681 1724 iin'motero
693 1650 850 1724 *unanimi
867 1649 1098 1749 theologorum
1110 1651 1279 1738 doctrina,

158 1776 198 1838 n't
220 1763 395 1840 contendit
419 1763 545 1842 Cunus.
561 1765 625 1839 llio
646 1765 739 1839 enim
761 1765 879 1840 scribit
896 1765 1029 1865 locuit.
1044 1767 1181 1841 «Patres
1203 1767 1283 1840 item

160 1878 299 1954 concilii
324 1877 531 1955 coloniensis
555 1895 669 1979 aperte
695 1880 908 1968 inficiantur,
938 1879 1186 1956 clandestinum
1211 1907 1284 1954 ma-

160 1993 360 2074 moenium
385 2007 463 2072 esse
488 1993 625 2093 proprie
646 2011 913 2069 sacramentum:
941 2003 1045 2096 atque
1069 1988 1173 2071 iidem
1199 2021 1284 2096 quo-

157 2135 232 2210 que
248 2132 317 2184 non
334 2107 478 2185 obscure
507 2117 683 2197 asserunt,
710 2109 803 2184 eliud
828 2137 904 2184 ease
928 2111 1085 2198 verbum,
1112 2132 1182 2212 quo
1203 2114 1285 2190 con—

166 2223 310 2299 trahitur
343 2225 626 2327 matrimonium,
658 2223 784 2312 aliud,
819 2223 911 2325 quod
942 2225 1046 2299 efficit
1077 2225 1283 2298 matrimonii

161 2354 430 2417 remanentem:
459 2366 523 2416 neo
540 2341 630 2415 'saus
655 2366 733 2414 esse
757 2340 801 2413 ad
826 2355 1071 2414 sacramentum
1096 2364 1138 2414 ea
1160 2339 1281 2425 rerba,

160 2455 290 2557 quibus
313 2466 453 2532 nunus
476 2462 669 2532 consensus
693 2452 911 2558 exprimitur,
939 2455 1000 2530 sed
1017 2455 1130 2530 alind·
1143 2455 1284 2533 verbum

163 2569 403 2674 requirendum
413 2614 428 2660 ,·
444 2571 553 2672 quod,
569 2582 607 2646 nt
623 2573 660 2645 in
672 2573 791 2647 ceteris
810 2571 1032 2646 ornamentis
1053 2571 1216 2646 accedeus
1240 2571 1283 2664 ad

160 2685 366 2765 elementum
390 2686 492 2764 iaciat
516 2703 780 2775 sacramentum
801 2687 892 2789 qnod
910 2687 1027 2789 utique
1042 2687 1182 2762 uerbum
1201 2686 1281 2760 fider

163 2817 233 2892 est-,-
258 2813 330 2876 uon
351 2814 503 2879 naturae.
521 2801 671 2889 Quorum
695 2804 895 2878 sentemiam
921 2802 957 2879 in
981 2802 1046 2876 boe
1069 2800 1210 2876 difficile
1232 2805 1284 2875 est

161 2916 255 2993 taus
279 2927 346 2993 non
370 2915 551 3018 probare.»
1220 2919 1222 2924 '

159 3086 160 3090 =
237 3031 329 3109 llaec
356 3033 497 3134 quidem
519 3032 655 3120 [lanum
685 3049 740 3108 est
770 3031 858 3106 nihil
883 3031 1076 3106 telebebet
1100 3029 1280 3105 concilium

127 3201 131 3208 -
161 3145 377 3237 coloniense,
399 3147 491 3250 quod
516 3163 591 3225 octo
615 3149 726 3250 capita
742 3148 787 3222 do
802 3147 1016 3221 matrimonio
1037 3145 1278 3246 complectitur.

162 3261 215 3337 td
240 3263 316 3340 citu
341 3264 476 3341 concilii
509 3263 767 3363 intelligentiam
793 3263 1005 3363 praemittam
1034 3287 1174 3335 necesse
1204 3275 1280 3346 eet,

160 3379 256 3478 quod
281 3379 410 3481 passim
428 3378 618 3478 insinuavi,
638 3404 759 3479 nempe
773 3391 1020 3452 sacramentum
1046 3376 1147 3450 etiam
1172 3375 1285 3450 valide

164 3495 352 3570 coniectum
365 3496 506 3593 'gratiam
519 3522 587 3570 non
599 3494 751 3569 conferre
764 3509 898 3596 propter
909 3493 1052 3580 obicem,
1070 3492 1160 3565 hunc
1173 3507 1284 3565 autem

159 3611 264 3711 poni,
348 3611 479 3714 absque
502 3611 737 3686 benedictione
760 3609 945 3684 sacerdotis
971 3608 1184 3709 suscipiatur.
1211 3607 1286 3693 Qua

163 3725 457 3802 mumadrersione
488 3727 698 3828 praemissa,
735 3725 833 3816 facile
857 3738 910 3798 est
933 3724 1110 3798 ostendere
1135 3722 1223 3795 nihil
1249 3723 1283 3792 in

162 3840 309 3915 concilio
332 3841 517 3915 coloniensi
547 3841 667 3915 haberi
693 3840 783 3942 quod
808 3839 901 3913 fiam
932 3838 1052 3913 faveat.
1082 3837 1221 3910 Etenim
1250 3836 1284 3907 in

160 3979 238 4056 nup.
256 3955 323 4031 xl..
337 3956 432 4056 quod
452 3957 552 4030 unice
568 3955 613 4029 ad
624 3982 701 4057 ‘rem
721 3969 930 4056 praesentem
948 3953 1044 4039 lacit,
1065 3952 1149 4024 haec
1168 3949 1284 4047 legun-

167 4083 235 4144 tur:
268 4072 402 4159 «Quod
428 4089 690 4160 sacramentum,
708 4073 737 4146 si
751 4073 850 4173 quis,
862 4069 1079 4155 sicutdecet,
1095 4066 1280 4167 acceperit,
1319 4119 1323 4124 -

165 4185 559 4262 ocoedcr‘strsaeerdotali
583 4186 792 4288 precatione,
818 4187 947 4259 confert
972 4181 1096 4256 donum
1123 4180 1279 4281 Spiritus,

164 4316 233 4398 ‘quo
255 4302 310 4377 uir¹
334 4301 456 4400 diligat
479 4327 615 4377 uasrem
636 4325 750 4376 amore
765 4300 981 4388 casto‚.sicut
991 4291 1145 4370 Christus
1163 4294 1281 4366 dilexit

1187 4413 1208 4453 ll<
