2872 5062
235 354 302 424 sta
442 376 502 424 mn.
525 379 546 424 r.
573 368 658 425 sacr.
682 376 810 424 inveni.
828 375 866 422 uu
884 375 1016 423 utraru.
1034 374 1138 423 c1v1m.

232 494 347 566 hahita
370 511 441 579 est,
463 520 524 568 nec
542 495 645 566 alium
666 510 744 566 sunt
760 493 915 565 ellectum
943 493 1079 565 sortitae
1105 508 1236 591 praeter
1257 519 1349 566 mere

231 608 384 696 civilem,
414 634 453 681 ae
478 610 605 682 interea
629 607 773 681 eeclesia
797 606 947 679 fidelium
978 607 1113 705 nuptias
1140 608 1283 705 perrexit
1308 635 1350 680 ex

232 726 303 797 iure
329 752 390 799 suo
416 741 474 798 aut
500 742 609 812 ratas,
635 741 693 796 aut
717 724 829 795 irritas
855 749 966 796 coram
992 723 1061 795 Deo
1087 739 1250 821 spectare.

305 844 477 941 Nusquam
504 867 542 914 ac
569 866 752 939 numquam
780 839 967 937 reperimus
994 838 1027 907 in
1048 837 1249 938 antiquitate
1275 839 1353 910 uni-

232 983 348 1044 versa,
366 959 569 1055 imperantes
588 955 770 1055 aliquando
789 955 933 1027 suhditis
952 954 1024 1026 suis
1041 953 1239 1026 christianis
1253 979 1353 1052 prae÷

232 1073 413 1171 scripsisse
430 1099 632 1146 eonsensum
651 1098 749 1144 suum
767 1071 951 1168 nuptialem
974 1069 1135 1167 praehere
1153 1094 1267 1142 coram
1285 1095 1354 1141 ma-

232 1188 439 1285 gistratibus.
469 1189 570 1262 Multo
595 1214 674 1261 vero
701 1188 813 1259 minus
840 1185 1022 1284 aliquando
1047 1183 1211 1280 legimus,
1245 1187 1353 1284 impe-

231 1321 343 1377 rantes
369 1303 442 1401 lege
473 1305 540 1377 lata
570 1305 747 1388 sanxisse,
776 1319 813 1375 ut
837 1301 1013 1374 christiani
1041 1299 1168 1372 subditi
1199 1301 1350 1373 contenti

233 1445 309 1492 esse
335 1437 473 1518 possent
489 1421 532 1493 de
549 1421 707 1517 coniugio
724 1444 835 1492 eoram
854 1415 1109 1513 magistratibus
1128 1416 1229 1502 inito,
1250 1415 1353 1488 illud-

232 1563 298 1635 que
316 1536 363 1608 uti
381 1562 496 1608 verum
515 1535 762 1608 matrimonium
786 1531 967 1617 hahuisse,
989 1530 1094 1604 invita
1112 1557 1151 1604 ac
1168 1531 1352 1605 reluctante

234 1643 388 1723 ccclesia.
424 1652 597 1748 Nusquam
627 1650 745 1722 iteram
776 1675 815 1721 ac
844 1674 1026 1747 numquam
1059 1647 1263 1721 offendimus
1288 1647 1352 1720 hae

233 1790 335 1863 super
351 1789 388 1836 re
404 1764 609 1862 imperantes
633 1762 796 1836 ecclesiae
821 1761 1004 1861 aliquando
1029 1761 1123 1835 litem
1145 1762 1348 1848 intentasse,

233 1879 305 1965 sed,
330 1894 426 1978 prout
444 1879 562 1976 religio
583 1879 766 1952 christiana
792 1877 935 1965 ferebat,
958 1878 1127 1975 negotium
1154 1878 1219 1951 hoc
1244 1892 1350 1951 totum

233 2021 273 2068 eo
295 1996 329 2067 in
351 2011 437 2068 statu
465 1996 690 2095 reliquerunt,
712 1997 747 2066 in
765 2021 832 2094 quo
849 2010 921 2067 erat
938 2020 1015 2066 cum
1033 1995 1101 2093 ipsi
1120 1995 1154 2066 in
1173 1993 1350 2068 ecclesiam

233 2137 294 2210 per
321 2110 494 2208 religionis
519 2111 724 2183 christianae
750 2110 1013 2209 professionem,
1035 2134 1235 2208 sacrumque
1260 2109 1351 2182 lava-

233 2251 325 2298 crum
354 2225 497 2323 ingressi
525 2242 614 2300 sunt.
645 2227 807 2325 Nuspiam
834 2252 873 2297 ae
898 2251 1081 2323 numquam
1112 2225 1216 2296 iidem
1245 2224 1351 2324 impe·

233 2358 344 2415 rantes
371 2341 458 2414 sutili
489 2343 542 2414 usi
571 2359 648 2414 sunt
673 2342 890 2415 distinctione
916 2340 1002 2413 inter
1026 2339 1277 2413 matrimonium
1302 2340 1348 2412 uti

233 2457 455 2529 christianum
483 2474 729 2530 sacramentum
750 2473 783 2530 et
804 2471 1026 2543 contractum,
1049 2457 1095 2528 ita
1111 2471 1150 2528 ut
1166 2455 1230 2528 suh
1248 2455 1350 2528 altem

234 2573 299 2645 hoc
318 2589 470 2671 respectu
496 2572 690 2658 debuerint,
712 2589 769 2646 aut
793 2573 960 2671 potuerint
986 2571 1104 2645 saltem
1130 2571 1295 2670 attingere
1311 2596 1350 2642 ac

233 2685 420 2771 moderari,
443 2701 543 2784 atque
567 2686 710 2759 ecelesia
736 2713 801 2759 non
828 2687 972 2785 potuerit
996 2686 1062 2759 nisi
1091 2686 1154 2758 sub
1181 2685 1285 2784 priori
1305 2709 1350 2756 re·

236 2815 352 2900 spectu
382 2799 466 2873 illud
492 2801 658 2874 moderari
684 2829 724 2874 ae
748 2802 922 2900 attingere.

307 2916 481 3015 Siquidem
495 2917 642 2989 nondum
661 2920 874 3018 antiquorum
893 2920 1058 3017 regendae
1074 2918 1282 2993 christianae
1298 2943 1361 2996 so·¹

233 3031 363 3103 cietatis
382 3030 465 3104 ratio
478 3033 517 3104 co'
530 3032 725 3120 devenerat,
741 3048 778 3106 ut
789 3036 884 3108 ideas
899 3061 1014 3108 omnes
1033 3047 1248 3133 perverteret,
1265 3055 1348 3132 quae

234 3143 277 3215 ab
302 3145 439 3218 exordio
457 3146 504 3218 rei
523 3145 730 3221 christianae
754 3150 903 3222 omnium
929 3165 1059 3222 mentes
1083 3161 1345 3247 occupaverant,

234 3275 266 3331 et
290 3276 484 3333 cunctomm
511 3263 584 3336 sive
606 3263 844 3362 imperantium
871 3265 942 3338 sive
964 3265 1175 3338 subditorum
1203 3263 1349 3336 obtinue

234 3389 309 3444 rant
331 3399 372 3446 ex
397 3375 548 3449 eiusdem
576 3377 749 3475 religionis
774 3379 918 3479 placitis.
943 3379 1050 3453 Nimis
1075 3396 1226 3453 recentes
1253 3392 1344 3461 sunt,

235 3489 325 3588 quod
343 3490 409 3561 iarn
429 3517 545 3565 sumus
563 3494 758 3592 inspecturi,
779 3496 945 3569 eiusmodi
960 3496 1143 3581 doctrinae,
1161 3521 1222 3568 seu
1237 3493 1347 3568 verius

235 3606 485 3702 perversiores,
512 3636 598 3708 quae
620 3629 814 3710 supponunt
838 3612 1086 3686 innovationem
1109 3612 1144 3682 in
1171 3608 1343 3692 doctrinis,

234 3746 321 3818 quas
347 3721 466 3819 religio
488 3750 620 3824 semper
645 3727 797 3824 professa
821 3743 873 3801 est
897 3743 930 3800 et
954 3724 1175 3827 profitebitur.

307 3837 394 3908 Sane
411 3838 446 3908 in
465 3855 615 3938 patrum,
636 3857 693 3913 aut
709 3841 1013 3916 ecclesiasticorum
1027 3856 1199 3915 auctorum
1213 3836 1346 3937 scriptis

234 3950 321 4022 nihil
347 3954 518 4050 occurrit,
545 3956 635 4054 quod
661 3956 713 4029 vel
740 3956 856 4031 leviter
885 3955 1088 4031 mentionem
1120 3956 1223 4029 saciat
1252 3977 1347 4054 prae-

234 4065 323 4139 latae
348 4067 595 4158 distinctionis,
620 4073 709 4145 unde
727 4075 798 4146 erui
817 4074 924 4173 possit
950 4074 1073 4147 divisio
1097 4070 1347 4146 attributiouum

234 4183 439 4281 reipublicae
450 4200 484 4257 et
495 4185 658 4261 ecelesiae
675 4189 764 4262 eirca
782 4189 1031 4262 matrimonium
1046 4187 1209 4262 fidelium.
1223 4183 1346 4285 Ecquis

234 4299 323 4370 enirn
349 4294 499 4392 dubitat,
528 4306 665 4403 quodsi
685 4300 871 4405 antiquitus
889 4306 948 4379 illa
965 4306 1097 4406 partitio
1124 4306 1342 4392 obtinuisset,
