2872 5062
195 380 265 431 cur.
286 380 318 428 v.
338 377 378 428 oc
396 375 514 428 nrmsr.
530 373 777 456 commutans.
795 370 1112 424 rosaemannus.
1168 351 1237 425 145

119 515 237 600 aperte
258 497 452 599 profitetur,
481 452 932 567 matrimonidlclandesrina
958 493 1086 566 tamdiu
1103 520 1182 566 vera
1200 521 1239 568 ac

122 631 194 689 rata
219 611 375 686 habenda
400 636 476 684 esse
501 607 744 694 matrimonia,
780 607 943 706 quamdiu
971 607 1066 680 irrita
1095 609 1240 698 ecclesia

119 755 170 802 ea·
187 750 256 801 non
282 726 413 812 lecerit,
437 738 536 822 prout
556 722 664 820 primo
688 720 812 793 lactum
836 721 949 819 reipsa
969 737 1021 793 est
1042 747 1102 820 per
1126 722 1239 821 ipsum

122 842 322 928 concilium,
347 840 444 914 ouius
470 838 554 910 haee
574 852 651 909 sunt
669 836 789 909 verba:
814 837 990 908 «Tametsi
1015 836 1239 909 dubitandum

120 949 295 1045 contest,
328 954 537 1030 clandestina
566 953 804 1039 matrimonia,
838 951 943 1024 libero
973 953 1241 1026 contrahentium

124 1082 295 1148 consensu
321 1072 427 1158 laeta,
455 1084 531 1142 rota
556 1083 586 1140 et
610 1093 688 1140 cera
717 1093 794 1139 esse
818 1066 1060 1154 matrimonia,
1079 1063 1242 1166 quamdiu

124 1188 271 1263 eeclesia
295 1212 339 1260 ea
359 1186 454 1258 irrita
477 1211 544 1258 non
566 1183 661 1269 lecit3
679 1198 711 1254 et
724 1182 865 1280 proinde
882 1182 954 1254 iure
972 1181 1155 1255 damnandi
1175 1177 1243 1258 siut

116 1303 193 1391 illi,
210 1298 257 1375 'ut
281 1295 339 1375 ees
365 1327 395 1374 s.
419 1299 570 1399 synodus
596 1297 809 1370 anathemate
835 1296 989 1383 damnat,
1015 1298 1073 1396 qui
1100 1324 1141 1370 ea
1163 1325 1243 1372 vera

127 1443 169 1491 ac
192 1432 266 1490 ruta
289 1441 366 1489 esse
391 1429 526 1511 negant.
548 1471 554 1484 .
575 1471 582 1484 .
604 1471 611 1483 .
632 1410 857 1484 Nihilominus
879 1427 994 1484 sancta
1018 1412 1078 1485 Dei
1100 1412 1243 1486 ecclesie
1348 1451 1352 1458 ·

124 1559 167 1606 ex
187 1531 384 1606 iustissimis
406 1529 519 1603 causis
540 1528 598 1601 illa
618 1553 751 1627 semper
770 1528 933 1600 detestata
954 1543 1023 1614 est,
1043 1543 1145 1627 atque
1167 1555 1244 1628 pro-

127 1646 251 1721 hibuit.
269 1644 295 1716 »⁸
846 1728 848 1732 Ι

121 1789 125 1793 ’
161 1758 176 1823 Ϊ’
194 1758 248 1833 'Ex
265 1760 390 1859 quihus
408 1760 562 1833 novimus
580 1773 650 1831 tum
669 1758 879 1833 clandestina
894 1759 1053 1856 coniugia
1070 1775 1244 1859 tamquam

101 1903 213 1956 vera
224 1902 265 1950 ac
284 1891 356 1949 rata
372 1872 588 1949 matrimonia
605 1875 783 1949 ecelesiam
801 1893 990 1973 spectasse3
1011 1890 1082 1947 tum
1099 1875 1150 1947 uti
1168 1901 1245 1973 gra-

125 1993 343 2068 vissimorum
367 1990 530 2064 malorum
554 1991 716 2088 originem
739 1988 875 2090 semper
899 2017 940 2064 ea
965 1990 1245 2089 prohibuissem

126 2108 246 2182 illinita
263 2107 470 2194 declarasse,
492 2108 560 2181 imo
577 2124 611 2180 et
628 2108 826 2180 detestatam
839 2102 932 2180 esse.
956 2106 1132 2206 Adeoque,
1152 2106 1244 2206 quod

125 2224 275 2322 legitime
300 2223 468 2323 sequitur,
494 2249 604 2322 usque
625 2222 668 2294 ad
687 2223 721 2293 id
739 2223 917 2320 temporis,
947 2249 1015 2321 quo
1040 2214 1134 2293 irrita
1158 2222 1248 2295 lacta

128 2332 196 2412 noir
209 2332 301 2425 sunt,
313 2336 428 2411 valida
439 2336 575 2410 omnino
588 2331 708 2423 luisse,
724 2363 791 2409 non
804 2335 904 2408 modo
916 2336 1045 2408 ratione
1055 2350 1246 2407 contractus

124 2453 199 2527 sive
214 2450 337 2526 civilis
366 2448 439 2526 sive
467 2452 648 2540 naturalis,
674 2452 733 2525 sed
754 2452 856 2524 etiam
877 2452 1006 2525 ratione
1031 2451 1243 2524 sacrementi.

129 2568 168 2640 ld
184 2564 279 2642 enim
299 2564 494 2641 luculenter
508 2581 641 2641 constat
661 2594 729 2641 non
751 2568 859 2643 solum
878 2595 920 2641 ex
943 2568 1059 2667 phrasi
1073 2595 1093 2640 a
1105 2567 1249 2655 coneilio

123 2679 327 2758 tridentino
342 2683 524 2782 usurpata,
552 2684 633 2756 dum
648 2684 829 2758 ¹eiusmodi
854 2685 1010 2781 coniugia
1026 2711 1105 2756 cera
1122 2698 1153 2755 et
1173 2698 1249 2756 rata

133 2795 344 2874 matrimonia
371 2826 451 2872 esse
476 2801 644 2888 decrevit,
673 2801 721 2874 uti
749 2827 825 2874 mox
855 2800 1104 2899 expendemus3
1132 2826 1247 2873 verum

127 2910 296 2986 etiam'ex
315 2913 544 3013 apertissimis
571 2916 723 3013 Hugouis
748 2916 923 3002 victorini,
958 2944 986 2988 s.
1013 2915 1184 3001 Thomae,
1206 2940 1247 2987 ac

131 3028 483 3107 Thomaefwaldensis
502 3030 718 3118 testimoniis,
740 3031 921 3130 inquibus
944 3031 1156 3103 clandestina
1180 3055 1248 3102 ma-

129 3145 293 3218 trimouia¹
317 3146 489 3245 conceptis
518 3146 630 3219 verbis
659 3162 821 3221 vocantur
849 3161 1088 3220 sacramentnm
1112 3145 1166 3218 vel
1194 3170 1250 3218 se-

129 3260 329 3344 momentus

202 3374 310 3472 Igitur
333 3403 375 3449 ex
399 3377 509 3476 primo
532 3404 664 3452 canone
689 3405 709 3450 a
734 3378 831 3452 nobis
857 3379 1037 3452 constituto
1062 3378 1130 3450 iam
1158 3391 1251 3475 patet

132 3506 246 3590 patres
264 3505 300 3563 et
314 3490 472 3580 concilia,
486 3494 554 3567 'nec
573 3494 640 3567 non
661 3495 824 3568 ecclesiae
841 3494 996 3568 doctores
1013 3490 1249 3589 ac'theologos

131 3606 400 3680 benedictionem
422 3610 662 3685 sacerdotalem
683 3628 855 3710 spectasse
876 3609 1106 3685 tantummodo
1128 3609 1178 3681 uti
1196 3614 1263 3680 ce?

133 3720 350 3795 remonialem
368 3725 581 3798 accedentem
594 3726 638 3798 ad
652 3729 862 3825 coniugium,
888 3755 949 3801 seu
965 3728 1009 3800 ad
1025 3724 1172 3821 coniugii
1196 3722 1252 3795 s'a·

133 3852 341 3911 crumentum
366 3838 432 3911 iam
459 3841 643 3939 perlectum
668 3843 739 3917 solo
766 3844 1033 3918 contrahentium
1062 3864 1249 3923 consensu,

132 3954 334 4052 requisitam
359 3952 512 4053 quidem,
535 3972 573 4029 ut
597 3956 709 4031 debita
732 3985 808 4031 cum
830 3950 1041 4032 solemnitate
1065 3982 1105 4029 ac
1127 3952 1253 4028 sancti-

133 4084 200 4143 tate
225 4068 466 4158 celebraretur,
493 4099 559 4145 non
588 4090 699 4147 autem
724 4076 826 4149 veluti
852 4073 1065 4148 essentialem
1092 4073 1181 4167 (12).

204 4257 255 4321 (n)
271 4258 388 4322 semein
398 4259 559 4313 senmmv.
569 4265 607 4313 ne
619 4263 717 4328 synon
728 4263 845 4314 unvru.
856 4277 911 4328 up.
921 4265 1043 4314 nuno.
1056 4257 1251 4318 «Quamobrem,

132 4335 229 4401 inquit,
237 4351 288 4402 qno
297 4337 436 4404 mligtosius
442 4337 528 4393 fideles
535 4343 721 4395 matrimonium
731 4342 896 4408 celebrarent,
905 4343 972 4408 quod
982 4352 1108 4406 nicenum
1117 4339 1156 4390 est
1165 4349 1252 4389 cccru-

1138 4425 1171 4476 1⁰
