2872 5062
271 367 1116 420 carrumsacuninomercaminetvnnrur.
1197 349 1263 419 381

160 490 262 563 relate
287 487 469 560 adomnia
494 502 695 586 temporum,
723 485 870 560 locorum
898 512 941 560 ac
962 513 1182 587 personarum
1209 491 1270 563 ad-

159 607 283 679 iuncta.
312 602 485 702 Siquidem
510 602 539 675 si
565 628 618 674 res
644 603 690 674 sit
713 602 822 689 mala,
851 603 995 689 iniusta,
1025 603 1202 677 inhonesta
1228 631 1271 687 ac

160 721 275 806 noxia,
304 717 486 792 &surdum
513 717 615 815 plane
639 716 723 790 leret
747 717 790 791 ad
817 717 958 790 aliorum
983 718 1174 818 exemplum
1197 746 1272 820 pro-

158 860 290 909 vocare.
314 835 505 931 Numquam
524 831 645 930 poterit
662 831 826 904 eiusmodi
845 832 1034 932 exemplum
1052 833 1098 904 rei
1118 849 1270 906 naturam

160 949 347 1021 immutare.
376 947 410 1017 Si
437 945 542 1044 aliqui
567 962 716 1018 amentes
742 972 782 1018 ac
807 945 904 1018 deliri
923 946 958 1017 in
977 941 1014 1020 se
1031 948 1124 1047 ipsos
1150 975 1271 1021 manus

160 1063 402 1148 consciverint,
431 1088 469 1135 se
494 1060 762 1146 excaecaverint,
785 1061 819 1132 in
847 1087 1008 1161 praeceps
1034 1089 1072 1135 se
1096 1063 1249 1135 dederint
1258 1108 1272 1147 ‚-

160 1178 294 1253 nemine
311 1176 532 1262 reclamante,
554 1175 666 1249 allerri
685 1202 727 1248 ne
745 1174 832 1248 serio
858 1192 974 1274 posset
998 1176 1139 1249 istorum
1165 1204 1272 1250 exem-

160 1293 252 1392 plum
270 1293 313 1365 ad
331 1293 407 1365 illas
424 1293 571 1365 actiones
597 1290 868 1365 cohonestandas
895 1292 1187 1393 sanciendasque?
1206 1296 1271 1380 Qui

160 1394 298 1484 rationis
323 1427 433 1482 rectae
459 1408 596 1481 ductum
630 1424 830 1506 sequentes,
859 1409 1055 1505 praesertim
1081 1409 1269 1497 admoniti,

160 1551 202 1598 ne
226 1524 303 1598 illos
328 1523 518 1609 imitentur,
540 1523 583 1595 ab
607 1549 722 1595 eorum
748 1549 852 1623 pravo
878 1525 1029 1624 exemplo
1054 1525 1218 1599 imitando
1235 1553 1273 1599 se

160 1665 197 1712 se
222 1637 437 1723 abstineant,
465 1637 579 1710 nescio
605 1664 649 1709 an
674 1636 814 1710 minoris
839 1637 1039 1710 aestimandi
1066 1640 1145 1713 sint.
1168 1642 1273 1713 lmmo

160 1755 238 1855 quis
264 1780 330 1827 non
358 1754 482 1827 habeat
506 1753 554 1826 uti
578 1752 720 1826 stolidas
742 1753 889 1852 pecudes
909 1753 1004 1840 illas,
1025 1780 1205 1852 quaecum
1223 1756 1275 1827 vi·

159 1871 269 1944 derint
297 1870 460 1970 pecudem
488 1869 632 1968 primam
658 1869 693 1940 in
719 1868 881 1967 abyssum
908 1895 945 1941 se
970 1870 1163 1969 proiicere,
1182 1870 1273 1943 illico

161 1985 252 2059 illam
283 2000 492 2085 sequuntur,
522 2009 561 2056 ac
586 1983 729 2084 proinde
754 2009 792 2055 se
816 1983 1007 2057 collidunt?
1034 1986 1124 2058 ldem
1150 1985 1206 2058 dic
1230 1987 1274 2059 de

161 2100 215 2188 iis,
236 2101 296 2200 qui
314 2101 568 2198 indignarentur
585 2100 619 2171 in
638 2097 733 2185 illos,
754 2097 812 2198 qui
830 2099 872 2170 de
894 2098 1041 2198 periculo
1067 2101 1160 2199 ipsos
1186 2127 1274 2173 com·

160 2215 419 2290 monelacerent.

233 2331 324 2404 Talis
343 2357 442 2431 porro
462 2347 514 2405 est
534 2331 586 2405 lex
604 2330 647 2403 de
663 2330 830 2427 coniugiis
857 2357 948 2404 mere
974 2330 1149 2416 ciuilibus,
1170 2358 1273 2431 quam

161 2445 324 2521 hactenus
342 2449 548 2521 ostendimus
566 2446 830 2547 protestantismi
850 2446 1044 2534 inventum,
1061 2447 1216 2545 publicae
1232 2473 1274 2520 ac

162 2561 309 2660 privatae
333 2561 500 2635 honestati
520 2561 740 2649 contrariam,
763 2560 910 2633 familiae
929 2561 1168 2662 societatisque
1185 2562 1274 2636 bono

162 2676 363 2763 adversam,
393 2675 545 2774 impiam,
575 2675 804 2774 tyrannicam,
834 2675 988 2772 religioni
1007 2675 1192 2751 catholicae
1209 2677 1275 2748 ini-

162 2792 306 2878 micam,
334 2817 374 2864 ac
399 2791 546 2890 denique
571 2791 634 2863 sub
660 2792 751 2864 omni
782 2808 937 2891 respectu
970 2791 1105 2865 noxiam
1130 2808 1163 2866 ct
1186 2794 1274 2865 anti-

162 2905 344 3004 politicam.
376 2908 470 2992 Quae
499 2932 574 2978 cum
607 2907 652 2978 ita
683 2907 750 2992 sit,
779 2907 900 3007 ecquid
934 2908 1061 2981 confert
1085 2907 1272 3007 exemplum

162 3022 233 3097 sive
258 3021 399 3120 gallicae
425 3023 495 3097 sive
524 3022 676 3119 belgicae
710 3022 934 3119 legislationis
960 3023 1004 3096 ad
1030 3050 1103 3096 eam
1128 3023 1274 3097 cohone-

161 3137 345 3210 standam?
362 3139 397 3208 Si
415 3138 588 3234 regionum
607 3138 738 3210 illarum
764 3138 1041 3237 pseudo-politici
1060 3138 1206 3235 graviter
1221 3165 1274 3210 er-

161 3269 276 3326 rarunt
302 3279 376 3326 eam
402 3253 609 3354 adoptando,
638 3253 771 3327 illomm
797 3281 889 3327 error
913 3279 1130 3353 praemonere
1160 3253 1272 3352 potius

160 3368 259 3441 debet
284 3369 463 3467 prudentes
490 3369 718 3465 legislatores,
745 3385 783 3442 ut
808 3368 851 3441 ab
876 3371 994 3442 eodem
1020 3385 1170 3442 caveant.

233 3483 387 3572 Accedit,
415 3485 505 3584 quod
531 3484 698 3582 legislatio
731 3483 852 3582 gallica
884 3485 991 3582 legem
1017 3485 1109 3557 hanc
1134 3485 1273 3584 adopta·

158 3599 244 3672 verit
263 3625 339 3674 cum
365 3601 529 3674 lerverent
553 3599 670 3675 civiles
695 3617 803 3674 motus
821 3628 861 3674 ac
879 3601 1067 3674 seditiones
1088 3602 1153 3674 sub
1172 3601 1273 3673 finem

158 3713 265 3812 elapsi
285 3714 411 3787 saeculi
432 3718 519 3810 (tt),
541 3742 617 3788 cum
636 3716 749 3789 omnia
765 3715 914 3789 humana
928 3742 969 3788 ac
982 3716 1104 3789 divina
1121 3717 1195 3787 iura
1213 3741 1272 3787 sus

229 3927 281 3991 (tt)
297 3926 336 3976 oi.
353 3930 401 3978 Les
416 3928 490 3979 codes
504 3929 629 3990 franceis
643 3930 796 3980 collationis
807 3943 855 3980 snr
869 3930 905 3980 les
917 3933 1001 3981 tentes
1019 3929 1131 3992 officisis
1145 3941 1189 3992 par
1199 3928 1275 3978 tonis

159 4006 264 4070 Tripier.
278 4007 346 4058 Paria
357 4012 425 4058 1854.
438 4009 472 4058 ibi
484 4009 527 4062 liv.
540 4019 561 4062 t.
571 4013 637 4062 Titre
648 4011 787 4075 cinquierne
796 4011 833 4062 dn
843 4015 961 4076 tirannos
970 4011 1086 4062 habetur:
1097 4012 1276 4062 constitution

153 4085 293 4148 srnncairc
303 4087 337 4137 du
349 4092 411 4139 544.
421 4091 487 4155 Sept.
499 4096 567 4142 1781.
577 4093 630 4143 un.
641 4095 659 4142 t.
674 4111 685 4135 a
698 4095 731 4143 Lu
744 4093 777 4143 lei
787 4106 818 4143 ue
828 4092 955 4144 considere
967 4093 990 4144 le
999 4093 1106 4155 mariage
1117 4104 1165 4155 que
1176 4103 1273 4140 comme

157 4168 268 4217 connect
278 4166 450 4233 stutuebat).
460 4173 491 4219 11.
502 4171 753 4222 Deslomrslitesala
763 4171 1036 4236 celebrat‚dumarlage
1046 4174 1092 4222 art·
1102 4179 1152 4222 165.
1165 4173 1275 4222 ellema-

156 4247 221 4374 qirge
234 4247 407 4376 '“¹¹²t.⁰⁶¹⁶b‘⁶
425 4251 611 4315 publiquement
630 4252 721 4302 «levant
741 4251 851 4303 l'otficier
862 4253 963 4303 cirildu
975 4252 1091 4304 domicile
1101 4252 1133 4302 de
1147 4252 1213 4302 l’une
1232 4250 1275 4300 des

173 4339 221 4375 eux
243 4339 287 4390 par
298 4339 358 4377 rear
