<?xml version="1.0" encoding="UTF-8"?>
<!DOCTYPE html PUBLIC "-//W3C//DTD XHTML 1.0 Transitional//EN"
    "http://www.w3.org/TR/xhtml1/DTD/xhtml1-transitional.dtd">
<html xmlns="http://www.w3.org/1999/xhtml" xml:lang="en" lang="en">
 <head>
  <title>
</title>
<meta http-equiv="Content-Type" content="text/html;charset=utf-8" />
  <meta name='ocr-system' content='tesseract 3.04.00' />
  <meta name='ocr-capabilities' content='ocr_page ocr_carea ocr_par ocr_line ocrx_word'/>
</head>
<body>
  <div class='ocr_page' id='page_1' title='image "./dematrimoniochr00perrgoog_0310.png"; bbox 0 0 2872 5062; ppageno 0'>
   <div class='ocr_carea' id='block_1_1' title="bbox 338 381 1273 450">
    <p class='ocr_par' dir='ltr' id='par_1_1' title="bbox 338 381 1273 450">
     <span class='ocr_line' id='line_1_1' title="bbox 338 381 1273 450; baseline 0.011 -10"><span class='ocrx_word' id='word_1_1' title='bbox 338 391 405 440; x_wconf 82' lang='lat' dir='ltr'>err.</span> <span class='ocrx_word' id='word_1_2' title='bbox 427 390 474 442; x_wconf 91' lang='grc' dir='ltr'><strong>ιιι.</strong></span> <span class='ocrx_word' id='word_1_3' title='bbox 495 393 536 440; x_wconf 89' lang='lat' dir='ltr'>on</span> <span class='ocrx_word' id='word_1_4' title='bbox 561 392 692 443; x_wconf 81' lang='grc' dir='ltr'><strong>ιιιιιιιιι.</strong></span> <span class='ocrx_word' id='word_1_5' title='bbox 715 393 827 444; x_wconf 84' lang='lat' dir='ltr'>crvnrs</span> <span class='ocrx_word' id='word_1_6' title='bbox 849 396 939 446; x_wconf 77' lang='lat' dir='ltr'>inor.</span> <span class='ocrx_word' id='word_1_7' title='bbox 963 400 1033 448; x_wconf 78' lang='lat' dir='ltr'>aar.</span> <span class='ocrx_word' id='word_1_8' title='bbox 1055 400 1078 448; x_wconf 92' lang='grc' dir='ltr'>ι.</span> <span class='ocrx_word' id='word_1_9' title='bbox 1207 381 1273 450; x_wconf 77' lang='lat'>291</span> 
     </span>
    </p>
   </div>
   <div class='ocr_carea' id='block_1_2' title="bbox 88 509 1278 2807">
    <p class='ocr_par' dir='ltr' id='par_1_2' title="bbox 88 509 1277 1421">
     <span class='ocr_line' id='line_1_2' title="bbox 159 509 1276 599; baseline 0.009 -16"><span class='ocrx_word' id='word_1_10' title='bbox 159 509 253 584; x_wconf 91' lang='lat' dir='ltr'>nullo</span> <span class='ocrx_word' id='word_1_11' title='bbox 278 510 379 584; x_wconf 90' lang='lat' dir='ltr'>modo</span> <span class='ocrx_word' id='word_1_12' title='bbox 402 511 575 585; x_wconf 84' lang='lat' dir='ltr'>distinctio</span> <span class='ocrx_word' id='word_1_13' title='bbox 600 510 679 599; x_wconf 90' lang='lat' dir='ltr'>illa,</span> <span class='ocrx_word' id='word_1_14' title='bbox 710 538 770 585; x_wconf 89' lang='lat' dir='ltr'>seu</span> <span class='ocrx_word' id='word_1_15' title='bbox 797 516 918 587; x_wconf 87' lang='lat' dir='ltr'>mentis</span> <span class='ocrx_word' id='word_1_16' title='bbox 952 517 1132 590; x_wconf 80' lang='lat' dir='ltr'><strong>abstractio</strong></span> <span class='ocrx_word' id='word_1_17' title='bbox 1166 519 1276 593; x_wconf 90' lang='lat' dir='ltr'>locum</span> 
     </span>
     <span class='ocr_line' id='line_1_3' title="bbox 158 626 1277 732; baseline 0.008 -33"><span class='ocrx_word' id='word_1_18' title='bbox 158 626 285 701; x_wconf 85' lang='lat' dir='ltr'>habere</span> <span class='ocrx_word' id='word_1_19' title='bbox 310 641 439 724; x_wconf 88' lang='lat' dir='ltr'>potest;</span> <span class='ocrx_word' id='word_1_20' title='bbox 461 627 509 700; x_wconf 93' lang='lat' dir='ltr'>ita</span> <span class='ocrx_word' id='word_1_21' title='bbox 526 644 563 700; x_wconf 90' lang='lat' dir='ltr'>ut</span> <span class='ocrx_word' id='word_1_22' title='bbox 579 655 647 701; x_wconf 95' lang='lat' dir='ltr'>uno</span> <span class='ocrx_word' id='word_1_23' title='bbox 669 629 857 728; x_wconf 91' lang='lat' dir='ltr'>eodemque</span> <span class='ocrx_word' id='word_1_24' title='bbox 882 647 1031 731; x_wconf 81' lang='lat' dir='ltr'>tempore</span> <span class='ocrx_word' id='word_1_25' title='bbox 1053 633 1165 706; x_wconf 88' lang='lat' dir='ltr'>valeat</span> <span class='ocrx_word' id='word_1_26' title='bbox 1182 637 1277 732; x_wconf 89' lang='lat' dir='ltr'>quis·</span> 
     </span>
     <span class='ocr_line' id='line_1_4' title="bbox 158 744 1277 847; baseline 0.006 -31"><span class='ocrx_word' id='word_1_27' title='bbox 158 746 252 845; x_wconf 88' lang='lat' dir='ltr'>piam</span> <span class='ocrx_word' id='word_1_28' title='bbox 274 769 352 817; x_wconf 87' lang='lat' dir='ltr'>esse</span> <span class='ocrx_word' id='word_1_29' title='bbox 376 744 461 818; x_wconf 88' lang='lat' dir='ltr'>civis</span> <span class='ocrx_word' id='word_1_30' title='bbox 486 761 520 818; x_wconf 89' lang='lat' dir='ltr'>et</span> <span class='ocrx_word' id='word_1_31' title='bbox 545 772 611 818; x_wconf 93' lang='lat' dir='ltr'>non</span> <span class='ocrx_word' id='word_1_32' title='bbox 637 745 862 834; x_wconf 88' lang='lat' dir='ltr'>christianus,</span> <span class='ocrx_word' id='word_1_33' title='bbox 890 775 994 847; x_wconf 92' lang='lat' dir='ltr'>quum</span> <span class='ocrx_word' id='word_1_34' title='bbox 1015 750 1200 822; x_wconf 86' lang='lat' dir='ltr'>christiana</span> <span class='ocrx_word' id='word_1_35' title='bbox 1225 768 1277 825; x_wconf 88' lang='lat' dir='ltr'>ta-</span> 
     </span>
     <span class='ocr_line' id='line_1_5' title="bbox 159 858 1275 964; baseline 0.007 -34"><span class='ocrx_word' id='word_1_36' title='bbox 159 886 238 932; x_wconf 89' lang='lat' dir='ltr'>men</span> <span class='ocrx_word' id='word_1_37' title='bbox 263 858 474 959; x_wconf 78' lang='lat' dir='ltr'>professione</span> <span class='ocrx_word' id='word_1_38' title='bbox 498 867 688 933; x_wconf 79' lang='lat' dir='ltr'><strong>censeatur.</strong></span> <span class='ocrx_word' id='word_1_39' title='bbox 716 861 802 933; x_wconf 81' lang='lat' dir='ltr'>Fieri</span> <span class='ocrx_word' id='word_1_40' title='bbox 828 863 965 936; x_wconf 90' lang='lat' dir='ltr'>omnino</span> <span class='ocrx_word' id='word_1_41' title='bbox 991 865 1120 962; x_wconf 86' lang='lat' dir='ltr'>nequit,</span> <span class='ocrx_word' id='word_1_42' title='bbox 1143 878 1179 937; x_wconf 92' lang='lat' dir='ltr'>ut</span> <span class='ocrx_word' id='word_1_43' title='bbox 1197 865 1275 964; x_wconf 91' lang='lat' dir='ltr'>quis</span> 
     </span>
     <span class='ocr_line' id='line_1_6' title="bbox 88 975 1277 1078; baseline 0.002 -28"><span class='ocrx_word' id='word_1_44' title='bbox 88 1019 92 1025; x_wconf 95' lang='lat'>·</span> <span class='ocrx_word' id='word_1_45' title='bbox 159 1002 260 1075; x_wconf 93' lang='lat' dir='ltr'>porro</span> <span class='ocrx_word' id='word_1_46' title='bbox 291 975 500 1073; x_wconf 89' lang='lat' dir='ltr'>christianus</span> <span class='ocrx_word' id='word_1_47' title='bbox 527 976 572 1048; x_wconf 92' lang='lat' dir='ltr'>sit</span> <span class='ocrx_word' id='word_1_48' title='bbox 597 976 765 1075; x_wconf 90' lang='lat' dir='ltr'>simulque</span> <span class='ocrx_word' id='word_1_49' title='bbox 789 1004 830 1049; x_wconf 90' lang='lat' dir='ltr'>ea</span> <span class='ocrx_word' id='word_1_50' title='bbox 855 994 1021 1077; x_wconf 90' lang='lat' dir='ltr'>praestet,</span> <span class='ocrx_word' id='word_1_51' title='bbox 1050 995 1108 1050; x_wconf 88' lang='lat' dir='ltr'>aut</span> <span class='ocrx_word' id='word_1_52' title='bbox 1137 997 1277 1078; x_wconf 83' lang='lat' dir='ltr'>peragat</span> 
     </span>
     <span class='ocr_line' id='line_1_7' title="bbox 159 1090 1276 1191; baseline 0.003 -27"><span class='ocrx_word' id='word_1_53' title='bbox 159 1090 349 1190; x_wconf 91' lang='lat' dir='ltr'>etquidem</span> <span class='ocrx_word' id='word_1_54' title='bbox 370 1091 528 1188; x_wconf 74' lang='lat' dir='ltr'>lepitime,</span> <span class='ocrx_word' id='word_1_55' title='bbox 551 1118 639 1189; x_wconf 90' lang='lat' dir='ltr'>quae</span> <span class='ocrx_word' id='word_1_56' title='bbox 656 1091 705 1161; x_wconf 92' lang='lat' dir='ltr'>illi</span> <span class='ocrx_word' id='word_1_57' title='bbox 724 1092 851 1164; x_wconf 92' lang='lat' dir='ltr'>nomini</span> <span class='ocrx_word' id='word_1_58' title='bbox 871 1120 910 1165; x_wconf 90' lang='lat' dir='ltr'>ae</span> <span class='ocrx_word' id='word_1_59' title='bbox 929 1093 1130 1191; x_wconf 77' lang='lat' dir='ltr'><strong>professioni</strong></span> <span class='ocrx_word' id='word_1_60' title='bbox 1156 1094 1276 1168; x_wconf 87' lang='lat' dir='ltr'>adver-</span> 
     </span>
     <span class='ocr_line' id='line_1_8' title="bbox 159 1205 1276 1283; baseline 0.003 -3"><span class='ocrx_word' id='word_1_61' title='bbox 159 1223 290 1280; x_wconf 80' lang='lat' dir='ltr'><strong>santur.</strong></span> <span class='ocrx_word' id='word_1_62' title='bbox 321 1205 479 1280; x_wconf 86' lang='lat' dir='ltr'>Christus</span> <span class='ocrx_word' id='word_1_63' title='bbox 505 1223 539 1278; x_wconf 91' lang='lat' dir='ltr'>ct</span> <span class='ocrx_word' id='word_1_64' title='bbox 564 1205 669 1281; x_wconf 90' lang='lat' dir='ltr'>Belial</span> <span class='ocrx_word' id='word_1_65' title='bbox 695 1233 733 1280; x_wconf 89' lang='lat' dir='ltr'>se</span> <span class='ocrx_word' id='word_1_66' title='bbox 759 1208 963 1281; x_wconf 86' lang='lat' dir='ltr'>seinvicem</span> <span class='ocrx_word' id='word_1_67' title='bbox 996 1209 1180 1282; x_wconf 83' lang='lat' dir='ltr'>excludunt</span> <span class='ocrx_word' id='word_1_68' title='bbox 1212 1211 1276 1283; x_wconf 92' lang='lat' dir='ltr'>hoc</span> 
     </span>
     <span class='ocr_line' id='line_1_9' title="bbox 155 1323 1050 1421; baseline 0.004 -28"><span class='ocrx_word' id='word_1_69' title='bbox 155 1324 195 1394; x_wconf 90' lang='lat' dir='ltr'>in</span> <span class='ocrx_word' id='word_1_70' title='bbox 219 1349 303 1396; x_wconf 91' lang='lat' dir='ltr'>casu</span> <span class='ocrx_word' id='word_1_71' title='bbox 328 1323 362 1394; x_wconf 94' lang='lat' dir='ltr'>in</span> <span class='ocrx_word' id='word_1_72' title='bbox 388 1348 457 1395; x_wconf 93' lang='lat' dir='ltr'>uno</span> <span class='ocrx_word' id='word_1_73' title='bbox 483 1323 669 1421; x_wconf 86' lang='lat' dir='ltr'>eodemque</span> <span class='ocrx_word' id='word_1_74' title='bbox 694 1349 795 1421; x_wconf 87' lang='lat' dir='ltr'>opere</span> <span class='ocrx_word' id='word_1_75' title='bbox 821 1351 860 1397; x_wconf 89' lang='lat' dir='ltr'>ac</span> <span class='ocrx_word' id='word_1_76' title='bbox 887 1324 1050 1398; x_wconf 88' lang='lat' dir='ltr'>subiecto.</span> 
     </span>
    </p>

    <p class='ocr_par' dir='ltr' id='par_1_3' title="bbox 139 1435 1278 2807">
     <span class='ocr_line' id='line_1_10' title="bbox 232 1435 1276 1538; baseline 0.007 -31"><span class='ocrx_word' id='word_1_77' title='bbox 232 1435 343 1536; x_wconf 78' lang='lat' dir='ltr'>Atque</span> <span class='ocrx_word' id='word_1_78' title='bbox 367 1452 405 1508; x_wconf 93' lang='lat' dir='ltr'>ut</span> <span class='ocrx_word' id='word_1_79' title='bbox 429 1437 515 1509; x_wconf 92' lang='lat' dir='ltr'>haec</span> <span class='ocrx_word' id='word_1_80' title='bbox 539 1437 649 1510; x_wconf 87' lang='lat' dir='ltr'>obviis</span> <span class='ocrx_word' id='word_1_81' title='bbox 675 1437 881 1512; x_wconf 74' lang='lat' dir='ltr'>illustremus</span> <span class='ocrx_word' id='word_1_82' title='bbox 897 1440 1093 1538; x_wconf 42' lang='lat' dir='ltr'>‘exemplisz</span> <span class='ocrx_word' id='word_1_83' title='bbox 1123 1443 1187 1513; x_wconf 82' lang='lat' dir='ltr'>Fac</span> <span class='ocrx_word' id='word_1_84' title='bbox 1213 1442 1276 1514; x_wconf 94' lang='lat' dir='ltr'>im-</span> 
     </span>
     <span class='ocr_line' id='line_1_11' title="bbox 158 1551 1274 1651; baseline 0.005 -27"><span class='ocrx_word' id='word_1_85' title='bbox 158 1569 350 1651; x_wconf 85' lang='lat' dir='ltr'>peratorem</span> <span class='ocrx_word' id='word_1_86' title='bbox 375 1578 573 1640; x_wconf 87' lang='lat' dir='ltr'>romanum,</span> <span class='ocrx_word' id='word_1_87' title='bbox 593 1578 670 1625; x_wconf 89' lang='lat' dir='ltr'>cum</span> <span class='ocrx_word' id='word_1_88' title='bbox 686 1551 800 1626; x_wconf 89' lang='lat' dir='ltr'>adhue</span> <span class='ocrx_word' id='word_1_89' title='bbox 825 1553 1055 1628; x_wconf 79' lang='lat' dir='ltr'>dominaretur</span> <span class='ocrx_word' id='word_1_90' title='bbox 1072 1555 1274 1642; x_wconf 84' lang='lat' dir='ltr'>idololatria,</span> 
     </span>
     <span class='ocr_line' id='line_1_12' title="bbox 160 1652 1277 1767; baseline 0.003 -27"><span class='ocrx_word' id='word_1_91' title='bbox 160 1666 300 1740; x_wconf 87' lang='lat' dir='ltr'>novisse</span> <span class='ocrx_word' id='word_1_92' title='bbox 324 1666 488 1764; x_wconf 92' lang='lat' dir='ltr'>plurimos</span> <span class='ocrx_word' id='word_1_93' title='bbox 506 1694 548 1739; x_wconf 81' lang='lat' dir='ltr'>cx</span> <span class='ocrx_word' id='word_1_94' title='bbox 566 1652 638 1740; x_wconf 89' lang='lat' dir='ltr'>suis</span> <span class='ocrx_word' id='word_1_95' title='bbox 664 1667 808 1740; x_wconf 90' lang='lat' dir='ltr'>subditis</span> <span class='ocrx_word' id='word_1_96' title='bbox 834 1669 1056 1742; x_wconf 77' lang='lat' dir='ltr'>christianam</span> <span class='ocrx_word' id='word_1_97' title='bbox 1081 1670 1277 1767; x_wconf 72' lang='lat' dir='ltr'>religionem</span> 
     </span>
     <span class='ocr_line' id='line_1_13' title="bbox 162 1781 1278 1880; baseline 0.002 -26"><span class='ocrx_word' id='word_1_98' title='bbox 162 1781 334 1880; x_wconf 86' lang='lat' dir='ltr'>profiteri:</span> <span class='ocrx_word' id='word_1_99' title='bbox 356 1806 396 1852; x_wconf 92' lang='lat' dir='ltr'>ac</span> <span class='ocrx_word' id='word_1_100' title='bbox 416 1782 481 1854; x_wconf 90' lang='lat' dir='ltr'>sub</span> <span class='ocrx_word' id='word_1_101' title='bbox 506 1781 646 1855; x_wconf 90' lang='lat' dir='ltr'>obtentu</span> <span class='ocrx_word' id='word_1_102' title='bbox 671 1783 840 1880; x_wconf 84' lang='lat' dir='ltr'>praefatae</span> <span class='ocrx_word' id='word_1_103' title='bbox 866 1782 1092 1857; x_wconf 90' lang='lat' dir='ltr'>distinctionis</span> <span class='ocrx_word' id='word_1_104' title='bbox 1118 1786 1215 1858; x_wconf 79' lang='lat' dir='ltr'>inter‘</span> <span class='ocrx_word' id='word_1_105' title='bbox 1230 1784 1278 1858; x_wconf 69' lang='lat' dir='ltr'>ci·-</span> 
     </span>
     <span class='ocr_line' id='line_1_14' title="bbox 158 1896 1278 1999; baseline 0.004 -29"><span class='ocrx_word' id='word_1_106' title='bbox 158 1922 236 1970; x_wconf 81' lang='lat' dir='ltr'>vem</span> <span class='ocrx_word' id='word_1_107' title='bbox 262 1912 295 1969; x_wconf 89' lang='lat' dir='ltr'>et</span> <span class='ocrx_word' id='word_1_108' title='bbox 319 1896 544 1969; x_wconf 90' lang='lat' dir='ltr'>christianum</span> <span class='ocrx_word' id='word_1_109' title='bbox 574 1899 809 1998; x_wconf 84' lang='lat' dir='ltr'>praecepisse,</span> <span class='ocrx_word' id='word_1_110' title='bbox 838 1915 875 1971; x_wconf 91' lang='lat' dir='ltr'>ut</span> <span class='ocrx_word' id='word_1_111' title='bbox 901 1917 1072 1999; x_wconf 88' lang='lat' dir='ltr'>tamqnam</span> <span class='ocrx_word' id='word_1_112' title='bbox 1098 1901 1189 1974; x_wconf 83' lang='lat' dir='ltr'>cives</span> <span class='ocrx_word' id='word_1_113' title='bbox 1215 1926 1278 1999; x_wconf 90' lang='lat' dir='ltr'>pu-</span> 
     </span>
     <span class='ocr_line' id='line_1_15' title="bbox 159 2012 1278 2113; baseline 0.002 -27"><span class='ocrx_word' id='word_1_114' title='bbox 159 2013 260 2086; x_wconf 90' lang='lat' dir='ltr'>blicis</span> <span class='ocrx_word' id='word_1_115' title='bbox 297 2012 500 2086; x_wconf 87' lang='lat' dir='ltr'>interessent</span> <span class='ocrx_word' id='word_1_116' title='bbox 533 2014 731 2098; x_wconf 88' lang='lat' dir='ltr'>sacrificiis,</span> <span class='ocrx_word' id='word_1_117' title='bbox 760 2015 871 2112; x_wconf 88' lang='lat' dir='ltr'>deque</span> <span class='ocrx_word' id='word_1_118' title='bbox 895 2015 939 2086; x_wconf 91' lang='lat' dir='ltr'>iis</span> <span class='ocrx_word' id='word_1_119' title='bbox 965 2030 1064 2088; x_wconf 81' lang='lat' dir='ltr'>&#39;more</span> <span class='ocrx_word' id='word_1_120' title='bbox 1089 2016 1198 2113; x_wconf 91' lang='lat' dir='ltr'>patrio</span> <span class='ocrx_word' id='word_1_121' title='bbox 1223 2041 1278 2089; x_wconf 85' lang='lat' dir='ltr'>oe-</span> 
     </span>
     <span class='ocr_line' id='line_1_16' title="bbox 160 2128 1276 2232; baseline 0.004 -32"><span class='ocrx_word' id='word_1_122' title='bbox 160 2129 301 2202; x_wconf 78' lang='lat' dir='ltr'>lebrn&#39;tis</span> <span class='ocrx_word' id='word_1_123' title='bbox 338 2128 605 2227; x_wconf 82' lang='lat' dir='ltr'>participarent,</span> <span class='ocrx_word' id='word_1_124' title='bbox 638 2129 753 2202; x_wconf 90' lang='lat' dir='ltr'>sinens</span> <span class='ocrx_word' id='word_1_125' title='bbox 785 2132 1000 2229; x_wconf 88' lang='lat' dir='ltr'>caeteroquin</span> <span class='ocrx_word' id='word_1_126' title='bbox 1034 2147 1071 2232; x_wconf 92' lang='lat' dir='ltr'>ut</span> <span class='ocrx_word' id='word_1_127' title='bbox 1104 2147 1276 2229; x_wconf 88' lang='lat' dir='ltr'>tamquam</span> 
     </span>
     <span class='ocr_line' id='line_1_17' title="bbox 139 2243 1278 2343; baseline -0.001 -27"><span class='ocrx_word' id='word_1_128' title='bbox 139 2243 340 2317; x_wconf 86' lang='lat' dir='ltr'>&#39;christiani</span> <span class='ocrx_word' id='word_1_129' title='bbox 367 2244 538 2343; x_wconf 83' lang='lat' dir='ltr'>proprium</span> <span class='ocrx_word' id='word_1_130' title='bbox 564 2260 770 2317; x_wconf 87' lang='lat' dir='ltr'>sectarentur</span> <span class='ocrx_word' id='word_1_131' title='bbox 795 2244 967 2340; x_wconf 80' lang='lat' dir='ltr'>religionis</span> <span class='ocrx_word' id='word_1_132' title='bbox 993 2245 1201 2318; x_wconf 89' lang='lat' dir='ltr'>christianae</span> <span class='ocrx_word' id='word_1_133' title='bbox 1226 2245 1278 2316; x_wconf 92' lang='lat' dir='ltr'>in-</span> 
     </span>
     <span class='ocr_line' id='line_1_18' title="bbox 159 2358 1278 2457; baseline 0.004 -27"><span class='ocrx_word' id='word_1_134' title='bbox 159 2359 327 2457; x_wconf 84' lang='lat' dir='ltr'>stitutum.</span> <span class='ocrx_word' id='word_1_135' title='bbox 353 2361 470 2432; x_wconf 88' lang='lat' dir='ltr'>Nonne</span> <span class='ocrx_word' id='word_1_136' title='bbox 496 2358 661 2431; x_wconf 89' lang='lat' dir='ltr'>eiusmodi</span> <span class='ocrx_word' id='word_1_137' title='bbox 678 2359 870 2457; x_wconf 79' lang='lat' dir='ltr'>&#39;imperator</span> <span class='ocrx_word' id='word_1_138' title='bbox 895 2360 1084 2433; x_wconf 90' lang='lat' dir='ltr'>censendus</span> <span class='ocrx_word' id='word_1_139' title='bbox 1110 2373 1201 2434; x_wconf 90' lang='lat' dir='ltr'>esset</span> <span class='ocrx_word' id='word_1_140' title='bbox 1224 2360 1278 2434; x_wconf 93' lang='lat' dir='ltr'>lu-</span> 
     </span>
     <span class='ocr_line' id='line_1_19' title="bbox 158 2474 1274 2575; baseline 0.002 -28"><span class='ocrx_word' id='word_1_141' title='bbox 158 2475 254 2548; x_wconf 91' lang='lat' dir='ltr'>dicra</span> <span class='ocrx_word' id='word_1_142' title='bbox 279 2476 329 2572; x_wconf 90' lang='lat' dir='ltr'>nti</span> <span class='ocrx_word' id='word_1_143' title='bbox 353 2474 599 2549; x_wconf 77' lang='lat' dir='ltr'>distinctione?</span> <span class='ocrx_word' id='word_1_144' title='bbox 618 2475 709 2549; x_wconf 89' lang='lat' dir='ltr'>Idem</span> <span class='ocrx_word' id='word_1_145' title='bbox 729 2475 784 2549; x_wconf 87' lang='lat' dir='ltr'>dic</span> <span class='ocrx_word' id='word_1_146' title='bbox 801 2477 844 2548; x_wconf 93' lang='lat' dir='ltr'>de</span> <span class='ocrx_word' id='word_1_147' title='bbox 863 2476 1090 2550; x_wconf 89' lang='lat' dir='ltr'>lslamitarum</span> <span class='ocrx_word' id='word_1_148' title='bbox 1108 2478 1274 2575; x_wconf 87' lang='lat' dir='ltr'>principe,</span> 
     </span>
     <span class='ocr_line' id='line_1_20' title="bbox 157 2591 1277 2691; baseline 0.002 -29"><span class='ocrx_word' id='word_1_149' title='bbox 157 2591 220 2691; x_wconf 83' lang='lat' dir='ltr'>qui</span> <span class='ocrx_word' id='word_1_150' title='bbox 245 2591 436 2664; x_wconf 84' lang='lat' dir='ltr'>inditione</span> <span class='ocrx_word' id='word_1_151' title='bbox 461 2619 524 2664; x_wconf 87' lang='lat' dir='ltr'>sua</span> <span class='ocrx_word' id='word_1_152' title='bbox 549 2592 631 2665; x_wconf 93' lang='lat' dir='ltr'>huic</span> <span class='ocrx_word' id='word_1_153' title='bbox 656 2591 723 2691; x_wconf 90' lang='lat' dir='ltr'>ipsi</span> <span class='ocrx_word' id='word_1_154' title='bbox 748 2593 955 2666; x_wconf 90' lang='lat' dir='ltr'>distinctioni</span> <span class='ocrx_word' id='word_1_155' title='bbox 982 2593 1119 2665; x_wconf 85' lang='lat' dir='ltr'>innixus</span> <span class='ocrx_word' id='word_1_156' title='bbox 1145 2609 1277 2666; x_wconf 84' lang='lat' dir='ltr'>conten·</span> 
     </span>
     <span class='ocr_line' id='line_1_21' title="bbox 158 2705 1277 2807; baseline 0.004 -30"><span class='ocrx_word' id='word_1_157' title='bbox 158 2706 254 2781; x_wconf 89' lang='lat' dir='ltr'>deret</span> <span class='ocrx_word' id='word_1_158' title='bbox 279 2705 484 2780; x_wconf 87' lang='lat' dir='ltr'>christianos</span> <span class='ocrx_word' id='word_1_159' title='bbox 505 2706 662 2780; x_wconf 85' lang='lat' dir='ltr'>subditos</span> <span class='ocrx_word' id='word_1_160' title='bbox 689 2733 791 2792; x_wconf 77' lang='lat' dir='ltr'>once,</span> <span class='ocrx_word' id='word_1_161' title='bbox 813 2724 926 2807; x_wconf 91' lang='lat' dir='ltr'>utpote</span> <span class='ocrx_word' id='word_1_162' title='bbox 938 2707 1052 2793; x_wconf 88' lang='lat' dir='ltr'>cives,</span> <span class='ocrx_word' id='word_1_163' title='bbox 1073 2706 1197 2782; x_wconf 87' lang='lat' dir='ltr'>debere</span> <span class='ocrx_word' id='word_1_164' title='bbox 1221 2735 1277 2781; x_wconf 86' lang='lat' dir='ltr'>so—</span> 
     </span>
    </p>
   </div>
   <div class='ocr_carea' id='block_1_3' title="bbox 156 2968 1279 4331">
    <p class='ocr_par' dir='ltr' id='par_1_4' title="bbox 156 2968 1279 4331">
     <span class='ocr_line' id='line_1_22' title="bbox 159 2968 1277 3048; baseline -0.004 -15"><span class='ocrx_word' id='word_1_165' title='bbox 159 2968 224 3033; x_wconf 72' lang='lat' dir='ltr'>dnm</span> <span class='ocrx_word' id='word_1_166' title='bbox 231 2983 328 3035; x_wconf 85' lang='lat' dir='ltr'>cuidam</span> <span class='ocrx_word' id='word_1_167' title='bbox 336 2985 512 3036; x_wconf 82' lang='lat' dir='ltr'>matrimoniali</span> <span class='ocrx_word' id='word_1_168' title='bbox 522 2985 851 3048; x_wconf 76' lang='lat' dir='ltr'>legiseopposnitlseslvir</span> <span class='ocrx_word' id='word_1_169' title='bbox 860 2983 1058 3033; x_wconf 85' lang='lat' dir='ltr'>nobilisloannes</span> <span class='ocrx_word' id='word_1_170' title='bbox 1066 2981 1198 3031; x_wconf 79' lang='lat' dir='ltr'>delinires</span> <span class='ocrx_word' id='word_1_171' title='bbox 1208 2981 1277 3043; x_wconf 81' lang='lat' dir='ltr'>paler</span> 
     </span>
     <span class='ocr_line' id='line_1_23' title="bbox 161 3059 1276 3126; baseline -0.002 -14"><span class='ocrx_word' id='word_1_172' title='bbox 161 3067 191 3112; x_wconf 85' lang='lat' dir='ltr'>V.</span> <span class='ocrx_word' id='word_1_173' title='bbox 201 3065 231 3115; x_wconf 79' lang='grc' dir='ltr'>Ε.</span> <span class='ocrx_word' id='word_1_174' title='bbox 241 3059 385 3126; x_wconf 71' lang='lat' dir='ltr'>ffloeonym</span> <span class='ocrx_word' id='word_1_175' title='bbox 404 3064 559 3126; x_wconf 79' lang='lat' dir='ltr'>cardinalis,</span> <span class='ocrx_word' id='word_1_176' title='bbox 578 3065 621 3126; x_wconf 88' lang='lat' dir='ltr'>qui</span> <span class='ocrx_word' id='word_1_177' title='bbox 640 3065 678 3113; x_wconf 88' lang='lat' dir='ltr'>tot</span> <span class='ocrx_word' id='word_1_178' title='bbox 694 3065 767 3112; x_wconf 91' lang='lat' dir='ltr'>antea</span> <span class='ocrx_word' id='word_1_179' title='bbox 779 3063 923 3114; x_wconf 86' lang='lat' dir='ltr'>muneribus</span> <span class='ocrx_word' id='word_1_180' title='bbox 939 3063 1045 3125; x_wconf 84' lang='lat' dir='ltr'>publicis</span> <span class='ocrx_word' id='word_1_181' title='bbox 1060 3061 1153 3123; x_wconf 85' lang='lat' dir='ltr'>optime</span> <span class='ocrx_word' id='word_1_182' title='bbox 1168 3059 1276 3122; x_wconf 81' lang='lat' dir='ltr'>iunctus,</span> 
     </span>
     <span class='ocr_line' id='line_1_24' title="bbox 157 3138 1277 3206; baseline -0.006 -12"><span class='ocrx_word' id='word_1_183' title='bbox 157 3157 225 3195; x_wconf 87' lang='lat' dir='ltr'>nuuc</span> <span class='ocrx_word' id='word_1_184' title='bbox 235 3146 305 3194; x_wconf 78' lang='lat' dir='ltr'>tanta</span> <span class='ocrx_word' id='word_1_185' title='bbox 316 3143 446 3194; x_wconf 85' lang='lat' dir='ltr'>sedulitate</span> <span class='ocrx_word' id='word_1_186' title='bbox 457 3144 483 3194; x_wconf 88' lang='lat' dir='ltr'>ct</span> <span class='ocrx_word' id='word_1_187' title='bbox 491 3143 610 3206; x_wconf 83' lang='lat' dir='ltr'>sapientia</span> <span class='ocrx_word' id='word_1_188' title='bbox 621 3156 705 3193; x_wconf 89' lang='lat' dir='ltr'>sacrae</span> <span class='ocrx_word' id='word_1_189' title='bbox 712 3145 808 3206; x_wconf 80' lang='lat' dir='ltr'>praeest</span> <span class='ocrx_word' id='word_1_190' title='bbox 817 3143 997 3206; x_wconf 81' lang='lat' dir='ltr'>congregationi</span> <span class='ocrx_word' id='word_1_191' title='bbox 1007 3140 1041 3189; x_wconf 82' lang='lat' dir='ltr'>ab</span> <span class='ocrx_word' id='word_1_192' title='bbox 1049 3138 1141 3189; x_wconf 83' lang='lat' dir='ltr'>Indice</span> <span class='ocrx_word' id='word_1_193' title='bbox 1153 3150 1277 3202; x_wconf 81' lang='lat' dir='ltr'>nuncupa·</span> 
     </span>
     <span class='ocr_line' id='line_1_25' title="bbox 156 3216 1278 3291; baseline -0.004 -17"><span class='ocrx_word' id='word_1_194' title='bbox 156 3227 315 3291; x_wconf 80' lang='lat' dir='ltr'>laeloaooes</span> <span class='ocrx_word' id='word_1_195' title='bbox 322 3224 407 3286; x_wconf 81' lang='lat' dir='ltr'>itaque</span> <span class='ocrx_word' id='word_1_196' title='bbox 418 3235 467 3273; x_wconf 86' lang='lat' dir='ltr'>non</span> <span class='ocrx_word' id='word_1_197' title='bbox 477 3224 558 3273; x_wconf 81' lang='lat' dir='ltr'>minus</span> <span class='ocrx_word' id='word_1_198' title='bbox 568 3223 670 3273; x_wconf 87' lang='lat' dir='ltr'>scientia</span> <span class='ocrx_word' id='word_1_199' title='bbox 679 3235 753 3284; x_wconf 87' lang='lat' dir='ltr'>quam</span> <span class='ocrx_word' id='word_1_200' title='bbox 763 3222 880 3285; x_wconf 87' lang='lat' dir='ltr'>religione</span> <span class='ocrx_word' id='word_1_201' title='bbox 889 3221 1036 3284; x_wconf 85' lang='lat' dir='ltr'>conspicuus</span> <span class='ocrx_word' id='word_1_202' title='bbox 1044 3231 1159 3282; x_wconf 82' lang='lat' dir='ltr'>magnum</span> <span class='ocrx_word' id='word_1_203' title='bbox 1169 3218 1220 3268; x_wconf 85' lang='lat' dir='ltr'>iarn</span> <span class='ocrx_word' id='word_1_204' title='bbox 1230 3216 1278 3269; x_wconf 81' lang='lat' dir='ltr'>sibi</span> 
     </span>
     <span class='ocr_line' id='line_1_26' title="bbox 157 3299 1278 3368; baseline -0.003 -14"><span class='ocrx_word' id='word_1_205' title='bbox 157 3304 260 3368; x_wconf 72' lang='lat' dir='ltr'>Neapoli</span> <span class='ocrx_word' id='word_1_206' title='bbox 273 3315 364 3354; x_wconf 79' lang='lat' dir='ltr'>nomen</span> <span class='ocrx_word' id='word_1_207' title='bbox 377 3305 576 3366; x_wconf 57' lang='lat' dir='ltr'>comparaveram</span> <span class='ocrx_word' id='word_1_208' title='bbox 592 3315 650 3352; x_wconf 86' lang='lat' dir='ltr'>cum</span> <span class='ocrx_word' id='word_1_209' title='bbox 659 3303 688 3352; x_wconf 88' lang='lat' dir='ltr'>in</span> <span class='ocrx_word' id='word_1_210' title='bbox 697 3302 864 3352; x_wconf 84' lang='lat' dir='ltr'>tristissimam</span> <span class='ocrx_word' id='word_1_211' title='bbox 879 3303 1019 3363; x_wconf 85' lang='lat' dir='ltr'>temporum</span> <span class='ocrx_word' id='word_1_212' title='bbox 1032 3300 1217 3350; x_wconf 79' lang='lat' dir='ltr'>conversionem</span> <span class='ocrx_word' id='word_1_213' title='bbox 1231 3299 1278 3351; x_wconf 78' lang='lat' dir='ltr'>snb</span> 
     </span>
     <span class='ocr_line' id='line_1_27' title="bbox 160 3379 1276 3446; baseline -0.004 -12"><span class='ocrx_word' id='word_1_214' title='bbox 160 3384 253 3442; x_wconf 75' lang='lat' dir='ltr'>sternii</span> <span class='ocrx_word' id='word_1_215' title='bbox 267 3384 342 3435; x_wconf 89' lang='lat' dir='ltr'>buius</span> <span class='ocrx_word' id='word_1_216' title='bbox 353 3383 454 3435; x_wconf 80' lang='lat' dir='ltr'>exordio</span> <span class='ocrx_word' id='word_1_217' title='bbox 464 3383 606 3443; x_wconf 84' lang='lat' dir='ltr'>incidisset,</span> <span class='ocrx_word' id='word_1_218' title='bbox 617 3395 724 3446; x_wconf 85' lang='lat' dir='ltr'>cumque</span> <span class='ocrx_word' id='word_1_219' title='bbox 735 3383 786 3432; x_wconf 84' lang='lat' dir='ltr'>lata</span> <span class='ocrx_word' id='word_1_220' title='bbox 798 3382 839 3431; x_wconf 81' lang='lat' dir='ltr'>lex</span> <span class='ocrx_word' id='word_1_221' title='bbox 850 3384 914 3432; x_wconf 84' lang='lat' dir='ltr'>esset</span> <span class='ocrx_word' id='word_1_222' title='bbox 923 3381 955 3431; x_wconf 87' lang='lat' dir='ltr'>de</span> <span class='ocrx_word' id='word_1_223' title='bbox 964 3381 1055 3431; x_wconf 91' lang='lat' dir='ltr'>nuncio</span> <span class='ocrx_word' id='word_1_224' title='bbox 1066 3380 1185 3430; x_wconf 82' lang='lat' dir='ltr'>uxoribus</span> <span class='ocrx_word' id='word_1_225' title='bbox 1194 3379 1276 3430; x_wconf 87' lang='lat' dir='ltr'>remit·</span> 
     </span>
     <span class='ocr_line' id='line_1_28' title="bbox 157 3460 1276 3528; baseline -0.005 -13"><span class='ocrx_word' id='word_1_226' title='bbox 157 3462 245 3526; x_wconf 85' lang='lat' dir='ltr'>tendo,</span> <span class='ocrx_word' id='word_1_227' title='bbox 258 3464 347 3515; x_wconf 88' lang='lat' dir='ltr'>maluit</span> <span class='ocrx_word' id='word_1_228' title='bbox 353 3463 410 3516; x_wconf 81' lang='lat' dir='ltr'>exui</span> <span class='ocrx_word' id='word_1_229' title='bbox 420 3464 555 3528; x_wconf 82' lang='lat' dir='ltr'>dignitate,</span> <span class='ocrx_word' id='word_1_230' title='bbox 568 3466 654 3514; x_wconf 86' lang='lat' dir='ltr'>senatu</span> <span class='ocrx_word' id='word_1_231' title='bbox 665 3476 757 3525; x_wconf 88' lang='lat' dir='ltr'>carere,</span> <span class='ocrx_word' id='word_1_232' title='bbox 769 3463 881 3526; x_wconf 87' lang='lat' dir='ltr'>privatus</span> <span class='ocrx_word' id='word_1_233' title='bbox 892 3461 969 3511; x_wconf 87' lang='lat' dir='ltr'>vitam</span> <span class='ocrx_word' id='word_1_234' title='bbox 979 3461 1084 3525; x_wconf 81' lang='lat' dir='ltr'>erigere,</span> <span class='ocrx_word' id='word_1_235' title='bbox 1094 3473 1168 3524; x_wconf 88' lang='lat' dir='ltr'>quarn</span> <span class='ocrx_word' id='word_1_236' title='bbox 1181 3460 1276 3524; x_wconf 81' lang='lat' dir='ltr'>religio·</span> 
     </span>
     <span class='ocr_line' id='line_1_29' title="bbox 162 3532 1279 3609; baseline -0.005 -14"><span class='ocrx_word' id='word_1_237' title='bbox 162 3547 200 3596; x_wconf 89' lang='lat' dir='ltr'>nis</span> <span class='ocrx_word' id='word_1_238' title='bbox 210 3546 266 3596; x_wconf 82' lang='lat' dir='ltr'>iura</span> <span class='ocrx_word' id='word_1_239' title='bbox 276 3545 409 3609; x_wconf 86' lang='lat' dir='ltr'>resolvere,</span> <span class='ocrx_word' id='word_1_240' title='bbox 422 3544 566 3607; x_wconf 80' lang='lat' dir='ltr'>nefarioque</span> <span class='ocrx_word' id='word_1_241' title='bbox 576 3559 602 3594; x_wconf 90' lang='lat' dir='ltr'>se</span> <span class='ocrx_word' id='word_1_242' title='bbox 612 3558 638 3594; x_wconf 91' lang='lat' dir='ltr'>se</span> <span class='ocrx_word' id='word_1_243' title='bbox 648 3545 800 3593; x_wconf 88' lang='lat' dir='ltr'>sacramento</span> <span class='ocrx_word' id='word_1_244' title='bbox 808 3542 941 3593; x_wconf 71' lang='lat' dir='ltr'>devincire.</span> <span class='ocrx_word' id='word_1_245' title='bbox 952 3541 1094 3605; x_wconf 81' lang='lat' dir='ltr'>composita</span> <span class='ocrx_word' id='word_1_246' title='bbox 1105 3553 1179 3605; x_wconf 81' lang='lat' dir='ltr'>paee,</span> <span class='ocrx_word' id='word_1_247' title='bbox 1189 3540 1221 3590; x_wconf 84' lang='lat' dir='ltr'>ad</span> <span class='ocrx_word' id='word_1_248' title='bbox 1230 3532 1279 3590; x_wconf 68' lang='lat' dir='ltr'>aare</span> 
     </span>
     <span class='ocr_line' id='line_1_30' title="bbox 160 3617 1278 3697; baseline -0.008 -21"><span class='ocrx_word' id='word_1_249' title='bbox 160 3624 287 3697; x_wconf 72' lang='lat' dir='ltr'>piissimos</span> <span class='ocrx_word' id='word_1_250' title='bbox 299 3624 420 3691; x_wconf 80' lang='lat' dir='ltr'>benonim</span> <span class='ocrx_word' id='word_1_251' title='bbox 434 3625 525 3688; x_wconf 83' lang='lat' dir='ltr'>gradus</span> <span class='ocrx_word' id='word_1_252' title='bbox 538 3627 654 3686; x_wconf 87' lang='lat' dir='ltr'>erectus,</span> <span class='ocrx_word' id='word_1_253' title='bbox 667 3635 779 3672; x_wconf 89' lang='lat' dir='ltr'>summus</span> <span class='ocrx_word' id='word_1_254' title='bbox 788 3621 855 3685; x_wconf 85' lang='lat' dir='ltr'>regni</span> <span class='ocrx_word' id='word_1_255' title='bbox 865 3621 1000 3672; x_wconf 85' lang='lat' dir='ltr'>tabellariis</span> <span class='ocrx_word' id='word_1_256' title='bbox 1012 3620 1178 3684; x_wconf 58' lang='lat' dir='ltr'>praepositum</span> <span class='ocrx_word' id='word_1_257' title='bbox 1189 3617 1278 3668; x_wconf 85' lang='lat' dir='ltr'>deinde</span> 
     </span>
     <span class='ocr_line' id='line_1_31' title="bbox 159 3699 1277 3771; baseline -0.005 -20"><span class='ocrx_word' id='word_1_258' title='bbox 159 3718 219 3754; x_wconf 84' lang='lat' dir='ltr'>vero</span> <span class='ocrx_word' id='word_1_259' title='bbox 228 3707 338 3766; x_wconf 78' lang='lat' dir='ltr'>sarano,</span> <span class='ocrx_word' id='word_1_260' title='bbox 350 3706 418 3765; x_wconf 88' lang='lat' dir='ltr'>regni</span> <span class='ocrx_word' id='word_1_261' title='bbox 433 3703 585 3766; x_wconf 84' lang='lat' dir='ltr'>sumptibus,</span> <span class='ocrx_word' id='word_1_262' title='bbox 597 3701 750 3764; x_wconf 78' lang='lat' dir='ltr'>negotiisque</span> <span class='ocrx_word' id='word_1_263' title='bbox 763 3699 933 3750; x_wconf 84' lang='lat' dir='ltr'>ecclesiasticis</span> <span class='ocrx_word' id='word_1_264' title='bbox 943 3700 1095 3771; x_wconf 83' lang='lat' dir='ltr'>praelectus,</span> <span class='ocrx_word' id='word_1_265' title='bbox 1108 3701 1213 3760; x_wconf 84' lang='lat' dir='ltr'>utroque</span> <span class='ocrx_word' id='word_1_266' title='bbox 1224 3709 1277 3746; x_wconf 87' lang='lat' dir='ltr'>uru-</span> 
     </span>
     <span class='ocr_line' id='line_1_32' title="bbox 160 3777 1276 3848; baseline -0.01 -13"><span class='ocrx_word' id='word_1_267' title='bbox 160 3784 263 3835; x_wconf 86' lang='lat' dir='ltr'>nereita</span> <span class='ocrx_word' id='word_1_268' title='bbox 271 3785 414 3848; x_wconf 82' lang='lat' dir='ltr'>perlunctns</span> <span class='ocrx_word' id='word_1_269' title='bbox 422 3785 473 3844; x_wconf 87' lang='lat' dir='ltr'>est,</span> <span class='ocrx_word' id='word_1_270' title='bbox 483 3785 513 3833; x_wconf 88' lang='lat' dir='ltr'>ut</span> <span class='ocrx_word' id='word_1_271' title='bbox 521 3785 547 3832; x_wconf 89' lang='lat' dir='ltr'>et</span> <span class='ocrx_word' id='word_1_272' title='bbox 555 3781 625 3844; x_wconf 88' lang='lat' dir='ltr'>regni</span> <span class='ocrx_word' id='word_1_273' title='bbox 638 3793 697 3844; x_wconf 85' lang='lat' dir='ltr'>opes</span> <span class='ocrx_word' id='word_1_274' title='bbox 713 3780 809 3829; x_wconf 74' lang='lat' dir='ltr'>auxerit</span> <span class='ocrx_word' id='word_1_275' title='bbox 818 3782 843 3829; x_wconf 90' lang='lat' dir='ltr'>et</span> <span class='ocrx_word' id='word_1_276' title='bbox 853 3779 884 3830; x_wconf 89' lang='lat' dir='ltr'>de</span> <span class='ocrx_word' id='word_1_277' title='bbox 894 3779 1066 3830; x_wconf 86' lang='lat' dir='ltr'>ecclesiasticis</span> <span class='ocrx_word' id='word_1_278' title='bbox 1075 3778 1167 3843; x_wconf 86' lang='lat' dir='ltr'>optimc</span> <span class='ocrx_word' id='word_1_279' title='bbox 1178 3777 1211 3826; x_wconf 88' lang='lat' dir='ltr'>sil</span> <span class='ocrx_word' id='word_1_280' title='bbox 1220 3787 1276 3838; x_wconf 83' lang='lat' dir='ltr'>pro·</span> 
     </span>
     <span class='ocr_line' id='line_1_33' title="bbox 159 3856 1276 3929; baseline -0.01 -13"><span class='ocrx_word' id='word_1_281' title='bbox 159 3864 278 3928; x_wconf 82' lang='lat' dir='ltr'>meritus,</span> <span class='ocrx_word' id='word_1_282' title='bbox 294 3865 428 3929; x_wconf 83' lang='lat' dir='ltr'>episeopis,</span> <span class='ocrx_word' id='word_1_283' title='bbox 445 3865 570 3928; x_wconf 73' lang='lat' dir='ltr'>sacrisque</span> <span class='ocrx_word' id='word_1_284' title='bbox 585 3862 695 3914; x_wconf 83' lang='lat' dir='ltr'>metibus</span> <span class='ocrx_word' id='word_1_285' title='bbox 706 3861 840 3912; x_wconf 78' lang='lat' dir='ltr'>etfamiliis</span> <span class='ocrx_word' id='word_1_286' title='bbox 849 3861 918 3910; x_wconf 87' lang='lat' dir='ltr'>nulla</span> <span class='ocrx_word' id='word_1_287' title='bbox 928 3874 955 3912; x_wconf 87' lang='lat' dir='ltr'>re</span> <span class='ocrx_word' id='word_1_288' title='bbox 964 3860 1083 3920; x_wconf 81' lang='lat' dir='ltr'>deluerit,</span> <span class='ocrx_word' id='word_1_289' title='bbox 1092 3869 1228 3919; x_wconf 88' lang='lat' dir='ltr'>eorumque</span> <span class='ocrx_word' id='word_1_290' title='bbox 1237 3856 1276 3905; x_wconf 85' lang='lat' dir='ltr'>ob</span> 
     </span>
     <span class='ocr_line' id='line_1_34' title="bbox 159 3939 1276 4020; baseline -0.008 -25"><span class='ocrx_word' id='word_1_291' title='bbox 159 3946 231 4017; x_wconf 80' lang='lat' dir='ltr'>sequi</span> <span class='ocrx_word' id='word_1_292' title='bbox 240 3945 344 4008; x_wconf 86' lang='lat' dir='ltr'>studiis,</span> <span class='ocrx_word' id='word_1_293' title='bbox 354 3945 499 4020; x_wconf 85' lang='lat' dir='ltr'>dignitatem</span> <span class='ocrx_word' id='word_1_294' title='bbox 515 3945 578 3995; x_wconf 90' lang='lat' dir='ltr'>tueri</span> <span class='ocrx_word' id='word_1_295' title='bbox 585 3982 593 4008; x_wconf 90' lang='lat'>,</span> <span class='ocrx_word' id='word_1_296' title='bbox 605 3944 711 3995; x_wconf 84' lang='lat' dir='ltr'>libertati</span> <span class='ocrx_word' id='word_1_297' title='bbox 723 3942 850 3993; x_wconf 88' lang='lat' dir='ltr'>consulere</span> <span class='ocrx_word' id='word_1_298' title='bbox 859 3939 969 3992; x_wconf 89' lang='lat' dir='ltr'>muneris</span> <span class='ocrx_word' id='word_1_299' title='bbox 980 3941 1019 3991; x_wconf 91' lang='lat' dir='ltr'>sui</span> <span class='ocrx_word' id='word_1_300' title='bbox 1029 3940 1140 3999; x_wconf 81' lang='lat' dir='ltr'>duxerit,</span> <span class='ocrx_word' id='word_1_301' title='bbox 1153 3949 1276 3986; x_wconf 89' lang='lat' dir='ltr'>romanos·</span> 
     </span>
     <span class='ocr_line' id='line_1_35' title="bbox 159 4018 1278 4091; baseline -0.011 -14"><span class='ocrx_word' id='word_1_302' title='bbox 159 4038 210 4090; x_wconf 77' lang='lat' dir='ltr'>qne</span> <span class='ocrx_word' id='word_1_303' title='bbox 220 4024 349 4091; x_wconf 79' lang='lat' dir='ltr'>pontifices</span> <span class='ocrx_word' id='word_1_304' title='bbox 365 4027 483 4088; x_wconf 84' lang='lat' dir='ltr'>singulari</span> <span class='ocrx_word' id='word_1_305' title='bbox 501 4027 591 4089; x_wconf 78' lang='lat' dir='ltr'>pictate</span> <span class='ocrx_word' id='word_1_306' title='bbox 601 4026 714 4076; x_wconf 84' lang='lat' dir='ltr'>coluerit.</span> <span class='ocrx_word' id='word_1_307' title='bbox 729 4026 767 4076; x_wconf 85' lang='lat' dir='ltr'>lta</span> <span class='ocrx_word' id='word_1_308' title='bbox 779 4024 817 4073; x_wconf 84' lang='lat' dir='ltr'>vir</span> <span class='ocrx_word' id='word_1_309' title='bbox 831 4022 919 4085; x_wconf 83' lang='lat' dir='ltr'>iugiter</span> <span class='ocrx_word' id='word_1_310' title='bbox 934 4021 1061 4084; x_wconf 89' lang='lat' dir='ltr'>religiosus</span> <span class='ocrx_word' id='word_1_311' title='bbox 1077 4018 1169 4078; x_wconf 81' lang='lat' dir='ltr'>extitit,</span> <span class='ocrx_word' id='word_1_312' title='bbox 1189 4027 1278 4081; x_wconf 77' lang='lat' dir='ltr'>parens</span> 
     </span>
     <span class='ocr_line' id='line_1_36' title="bbox 158 4098 1279 4173; baseline -0.012 -13"><span class='ocrx_word' id='word_1_313' title='bbox 158 4098 286 4173; x_wconf 61' lang='lat' dir='ltr'>nmisios,</span> <span class='ocrx_word' id='word_1_314' title='bbox 302 4108 460 4171; x_wconf 74' lang='lat' dir='ltr'>mgistratum</span> <span class='ocrx_word' id='word_1_315' title='bbox 477 4107 660 4170; x_wconf 81' lang='lat' dir='ltr'>integerrimus,</span> <span class='ocrx_word' id='word_1_316' title='bbox 679 4107 741 4158; x_wconf 79' lang='lat' dir='ltr'>civis</span> <span class='ocrx_word' id='word_1_317' title='bbox 757 4106 871 4157; x_wconf 80' lang='lat' dir='ltr'>eximius.</span> <span class='ocrx_word' id='word_1_318' title='bbox 882 4105 921 4155; x_wconf 81' lang='lat' dir='ltr'>ci.</span> <span class='ocrx_word' id='word_1_319' title='bbox 932 4104 1007 4154; x_wconf 86' lang='lat' dir='ltr'>boios</span> <span class='ocrx_word' id='word_1_320' title='bbox 1024 4099 1279 4162; x_wconf 75' lang='lat' dir='ltr'>cl.viri1lloolrttna</span> 
     </span>
     <span class='ocr_line' id='line_1_37' title="bbox 159 4176 1276 4257; baseline -0.015 -16"><span class='ocrx_word' id='word_1_321' title='bbox 159 4191 189 4257; x_wconf 75' lang='lat' dir='ltr'>l&#39;:</span> <span class='ocrx_word' id='word_1_322' title='bbox 200 4187 354 4252; x_wconf 66' lang='lat' dir='ltr'>sanguini</span> <span class='ocrx_word' id='word_1_323' title='bbox 374 4200 413 4236; x_wconf 87' lang='lat' dir='ltr'>an.</span> <span class='ocrx_word' id='word_1_324' title='bbox 432 4193 500 4238; x_wconf 80' lang='lat' dir='ltr'>rote.</span> <span class='ocrx_word' id='word_1_325' title='bbox 518 4189 611 4236; x_wconf 79' lang='lat' dir='ltr'>Romae</span> <span class='ocrx_word' id='word_1_326' title='bbox 627 4187 769 4250; x_wconf 76' lang='lat' dir='ltr'>uulgatnm3</span> <span class='ocrx_word' id='word_1_327' title='bbox 783 4198 828 4235; x_wconf 91' lang='lat' dir='ltr'>nec</span> <span class='ocrx_word' id='word_1_328' title='bbox 844 4197 893 4233; x_wconf 92' lang='lat' dir='ltr'>non</span> <span class='ocrx_word' id='word_1_329' title='bbox 907 4185 994 4233; x_wconf 83' lang='lat' dir='ltr'>Franc.</span> <span class='ocrx_word' id='word_1_330' title='bbox 1008 4177 1136 4242; x_wconf 84' lang='lat' dir='ltr'>Goadagni</span> <span class='ocrx_word' id='word_1_331' title='bbox 1150 4180 1184 4226; x_wconf 85' lang='lat' dir='ltr'>ln</span> <span class='ocrx_word' id='word_1_332' title='bbox 1202 4176 1276 4226; x_wconf 81' lang='lat' dir='ltr'>obitu</span> 
     </span>
     <span class='ocr_line' id='line_1_38' title="bbox 159 4254 1275 4331; baseline -0.01 -14"><span class='ocrx_word' id='word_1_333' title='bbox 159 4267 260 4331; x_wconf 67' lang='lat' dir='ltr'>Alcesti</span> <span class='ocrx_word' id='word_1_334' title='bbox 274 4270 300 4317; x_wconf 83' lang='lat' dir='ltr'>cl</span> <span class='ocrx_word' id='word_1_335' title='bbox 315 4269 425 4318; x_wconf 72' lang='lat' dir='ltr'>limitet</span> <span class='ocrx_word' id='word_1_336' title='bbox 435 4265 559 4328; x_wconf 69' lang='lat' dir='ltr'>filiorum</span> <span class='ocrx_word' id='word_1_337' title='bbox 578 4265 679 4316; x_wconf 74' lang='lat' dir='ltr'>March.</span> <span class='ocrx_word' id='word_1_338' title='bbox 698 4267 807 4315; x_wconf 81' lang='lat' dir='ltr'>loannis</span> <span class='ocrx_word' id='word_1_339' title='bbox 827 4264 860 4314; x_wconf 79' lang='lat' dir='ltr'>cle</span> <span class='ocrx_word' id='word_1_340' title='bbox 877 4261 982 4313; x_wconf 70' lang='lat' dir='ltr'>nnana</span> <span class='ocrx_word' id='word_1_341' title='bbox 998 4257 1189 4310; x_wconf 81' lang='lat' dir='ltr'>censolcterloe</span> <span class='ocrx_word' id='word_1_342' title='bbox 1210 4254 1275 4307; x_wconf 77' lang='lat' dir='ltr'>alls·</span> 
     </span>
    </p>
   </div>
   <div class='ocr_carea' id='block_1_4' title="bbox 160 4349 1225 4459">
    <p class='ocr_par' dir='ltr' id='par_1_5' title="bbox 160 4349 1225 4459">
     <span class='ocr_line' id='line_1_39' title="bbox 160 4349 1225 4459; baseline -0.001 -60"><span class='ocrx_word' id='word_1_343' title='bbox 160 4349 392 4400; x_wconf 69' lang='lat' dir='ltr'>raticosaltomac</span> <span class='ocrx_word' id='word_1_344' title='bbox 405 4349 472 4397; x_wconf 79' lang='lat' dir='ltr'>soti.</span> <span class='ocrx_word' id='word_1_345' title='bbox 1204 4417 1225 4459; x_wconf 65' lang='lat' dir='ltr'>s</span> 
     </span>
    </p>
   </div>
   <div class='ocr_carea' id='block_1_5' title="bbox 0 0 1441 5062">
    <p class='ocr_par' dir='ltr' id='par_1_6' title="bbox 0 0 1441 5062">
     <span class='ocr_line' id='line_1_40' title="bbox 0 0 1441 5062; baseline 0 0"><span class='ocrx_word' id='word_1_346' title='bbox 0 0 1441 5062; x_wconf 95' lang='lat' dir='ltr'> </span> 
     </span>
    </p>
   </div>
  </div>
 </body>
</html>
