2872 5062
157 361 200 430 'it
287 395 302 432 ,·
326 395 329 400 -
353 381 460 432 amr.
482 380 568 430 suar.
591 380 614 429 1.
636 381 676 429 44
694 380 833 430 uramus
848 378 1061 430 4444444444.
1110 416 1113 422 .
1168 383 1175 411 *-

155 499 259 580 tentia
276 496 319 568 de
336 496 507 570 sacerdote
532 497 687 569 ministro
711 496 903 584 dimicavit,
923 511 959 569 ut
975 496 1169 596 opinionem
1184 523 1274 571 aon-

156 613 291 685 trariam
320 612 420 708 plane
449 611 628 683 absurdam
657 611 961 699 esseassemerit,
994 626 1027 684 et
1059 610 1146 684 inter
1174 612 1276 687 sobo-

156 726 347 799 lasticorum
373 738 560 797 commenta
589 723 856 797 adnumeraverit
884 726 972 819 (46).
1000 712 1161 822 Georgius
1177 725 1274 824 fejer

156 840 307 913 eamdem
322 838 521 914 sententiam
534 853 605 911 tum
619 865 658 912 ex
673 839 767 938 praxi
790 854 949 938 perpetua
968 839 1130 913 ecclesiae
1148 841 1275 915 atrius-

156 984 235 1056 que,
249 955 421 1030 orientalis
435 981 556 1054 nempe
568 970 600 1026 et
612 954 842 1042 occidentalis,
855 982 915 1054 per
927 954 1166 1028 sacerdotalem
1179 955 1278 1030 bone

156 1071 336 1144 dictionem
362 1068 636 1142 contrahentibus
662 1069 884 1168 impertitam,
913 1083 983 1141 tum
1008 1093 1062 1140 ex·
1075 1095 1124 1142 ss.
1140 1085 1273 1169 patrum

156 1184 359 1258 testimoniis
373 1182 525 1256 evincere
539 1182 701 1261 adnititur
716 1184 805 1278 (ii).
817 1181 969 1282 idipsum
983 1183 1181 1281 pertentavit
1191 1184 1276 1281 berg

158 1299 328 1399 professor
352 1297 636 1385 uratislaviensis,
666 1298 724 1397 qui
755 1312 928 1397 praeterea
953 1297 1121 1395 exegetice
1145 1313 1276 1398 patrum

160 1414 352 1488 testimonia
376 1412 535 1514 expendit
559 1413 602 1486 ad
628 1412 904 1513 propugnandam
931 1413 1140 1487 sententiam.
1155 1409 1201 1485 de
1221 1438 1278 1487 44-

157 1530 290 1604 cerdote
311 1529 465 1604 ministro
487 1531 686 1604 sacramenti
708 1529 913 1602 matrimonii
930 1531 1019 1625 (ts).
1032 1528 1206 1603 Stattlerns
1219 1529 1278 1602 de-

158 1672 261 1717 mum·
275 1645 509 1746 pmnunciavit
533 1644 639 1718 firmis
664 1644 748 1717 adeo
769 1643 996 1717 fundamentis
1022 1643 1121 1715 inniti
1147 1658 1280 1717 senten·

159 1762 240 1835 tiam
263 1762 368 1849 hanc,
388 1777 426 1838 nt
445 1787 520 1834 aea
537 1776 707 1860 tamquam
733 1759 856 1859 dogma
881 1759 1062 1860 aliquando
1081 1759 1216 1833 definiri
1234 1759 1280 1833 ab

159 1876 302 1958 ecclesia
319 1876 443 1976 possit,
464 1903 532 1950 non
551 1901 650 1950 secus
675 1900 714 1948 ac
740 1900 834 1948 conc.
852 1873 1070 1947 tridentinum
1096 1873 1197 1974 plane
1218 1874 1279 1949 de-

161 1992 271 2065 finivit
289 1991 538 2065 matrimonium
560 2017 636 2064 esse
658 1989 866 2088 novaelegis
884 2005 1148 2078 sacramentum,
1170 2015 1279 2090 eoque

160 2107 301 2201 gratiam
326 2105 469 2179 conferri
483 2107 607 2202 (49).»

171 2293 174 2302 ,
233 2223 331 2294 Hine.
345 2222 467 2294 mirum
490 2246 561 2294 non
582 2236 634 2294 est
654 2222 683 2295 si
706 2220 921 2320 Roskovdny,
944 2220 1279 2321 quiistorumquos

160 2340 390 2413 recensuimus
415 2339 602 2437 catalogum
622 2340 745 2427 texuit,
766 2339 919 2412 eamdem
944 2338 1144 2438 opinionem,
1163 2337 1278 2413 fovere

159 2454 313 2532 rideatur
329 2454 410 2526 dum
431 2453 567 2527 scribit:
588 2453 807 2550 «innegabile
826 2479 902 2526 esse
921 2452 1018 2526 ultra.
1030 2477 1202 2541 asserem,
1215 2453 1282 2553 pri·

159 2593 289 2641 morum
313 2569 379 2640 iam
400 2567 718 2667 seculorumjpatres
739 2593 800 2668 pro
819 2568 884 2641 hac
901 2569 977 2668 ipsa
995 2567 1279 2668 sententia,'quod

161 2681 289 2760 scilicet
300 2681 515 2754 ’matrimonii
533 2682 688 2756 minister
704 2683 749 2755 sit
766 2682 941 2771 sacerdos,
962 2683 1281 2783 testimoniumfpar-

160 2795 333 2883 bibuisse,
350 2795 430 2868 dum
444 2783 677 2869 necessitatem
689 2796 935 2871 benedictionis
954 2797 1172 2872 sacerdotalis
1185 2824 1282 2898 prae-

161 2911 334 3000 dicarunt,
364 2924 453 2985 cum'
467 2912 568 2984 enim¹
589 2912 728 2986 nomina
755 2914 1104 3012 materiae‚..sormae,
1136 2914 1284 3004 ministri

161 3027 289 3108 tardius
310 3028 513 3129 primum-in
540 3028 741 3127 theologiam
767 3028 860 3103 illata
884 3029 1024 3117 suerint,
1045 3055 1111 3103 non
1129 3043 1283 3129 poterant

160 3159 271 3241 patres
285 3170 354 3221 rem
368 3143 675 3220 sortecommodius
688 3161 720 3218 et
733 3144 856 3218 elarius
868 3145 1071 3245 exprimere,
1083 3144 1150 3218 nisi
1164 3143 1281 3238 dicem

136 3318 137 3321 ,
162 3261 218 3333 do:
230 3261 393 3335 nubentes
407 3287 466 3360 per
477 3261 748 3336 benedictionem
758 3261 943 3335 sacerdotis
952 3261 1155 3335 sanctificari
1164 3263 1280 3358 (40).»

233 3513 284 3576 (46)
300 3515 447 3564 Demonstr.
454 3513 598 3578 44444044.
606 3513 1283 3582 carminantem.11.pag.ma.nugustaevmdst.1ssr.

235 3593 285 3656 (47)
299 3596 500 3644 Matrimonium
515 3607 550 3644 en
565 3597 649 3646 instit.
664 3595 761 3646 Oitrist.
773 3594 867 3646 Pastini
885 3601 954 3646 18³8.
966 3606 1021 3657 pag.
1034 3600 1073 3644 29.

233 3676 283 3737 (44)
299 3675 327 3723 ln
337 3686 492 3738 opgerman.
500 3675 541 3724 eui
552 3674 640 3726 titulus
651 3674 740 3725 iatine:
751 3677 789 3726 De
800 3676 952 3726 necessitate
968 3672 1152 3725 benedictionis
1163 3673 1282 3727 sacerdo·

163 3751 225 3803 telis
236 3751 272 3803 cd
281 3765 351 3804 sacr.
361 3755 534 3804 matrimonii.

235 3834 285 3896 (49)
304 3836 390 3884 tract.
402 3833 564 3884 demetrian.
577 3845 631 3897 cap.
641 3834 696 3883 vil.
709 3832 733 3897 §.
746 3840 785 3884 44.

234 3912 285 3975 (54)
300 3913 397 3977 opcit.
407 3915 445 3962 De
451 3914 546 3976 potest.
556 3911 679 3962 ecclesiae
691 3911 805 3975 teat-stat.
813 3911 859 3962 sub
870 3911 974 3976 inem§.
983 3919 1022 3964 44.
1032 3911 1117 3964 Plures
1124 3911 1189 3963 44444
1202 3913 1285 3963 aneto·

161 4005 200 4043 res
209 3994 322 4043 consulto
334 3991 542 4056 praetermisimus
551 4005 582 4043 ex
593 3992 638 4057 iis,
647 3992 690 4056 qai
701 3992 765 4042 hanc
776 3993 920 4044 sententiam
929 3994 1045 4052 tuemur.
1058 4004 1116 4044 cnm
1127 4004 1167 4043 res
1181 3991 1285 4044 44444444

162 4061 285 4123 accideret
294 4086 379 4123 omnes
390 4072 454 4123 velie
463 4085 618 4136 enumerare,
630 4085 737 4136 quorum
746 4072 857 4137 plerique
867 4072 990 4124 notissimi
1000 4073 1066 4122 sunt.
1076 4072 1155 4124 Multo
1164 4084 1224 4124 vero
1234 4085 1285 4124 mn·

161 4152 198 4214 gis
211 4165 253 4202 eos
267 4153 409 4216 omisimus,
425 4152 469 4216 qui
482 4151 616 4203 sententias
631 4152 704 4216 piane
723 4152 858 4216 singulares
876 4152 961 4202 metati
978 4152 1048 4215 sant,
1061 4151 1098 4202 uti
1107 4151 1284 4216 Maidonatus,

161 4232 205 4294 qai
224 4235 263 4282 De
274 4235 425 4284 matrimon.
437 4235 535 4306 quaest.
546 4235 565 4282 4.
578 4246 636 4297 opp.
649 4235 709 4283 tom.
721 4235 753 4284 14.
764 4246 819 4296 pag.
830 4237 876 4284 444
889 4245 942 4296 seq.
954 4232 1039 4283 docuit
1048 4231 1203 4296 sacerdotem
1213 4232 1285 4283 mini·

161 4313 238 4370 stmm
251 4313 351 4375 qnidam
361 4325 414 4365 csse
423 4311 587 4379 ordinarium,
599 4313 769 4366 mntrnhentas
784 4326 844 4364 xero
859 4312 984 4380 4444444444
992 4325 1045 4364 esse
1055 4312 1282 4380 extraordinariam
