2872 5062
142 395 1074 476 cramsternumenrurnsrrnmnru.rnornrou.
1120 378 1187 449 lll

93 523 213 601 exoriri
230 535 471 596 sacramentum
488 535 617 617 putant,
633 543 709 590 cum
726 515 825 589 ambo
840 518 998 614 coniuges
1015 517 1189 592 christiani
1275 595 1277 599 ,

95 639 179 712 liunt
193 637 287 709 iuxta
302 635 485 734 expositam
504 631 659 731 superius
684 632 881 705 sententiam
897 634 985 727 (42).
1003 633 1190 720 Quaecum-

94 779 161 852 que
183 779 224 825 ex
249 750 303 824 his
328 749 500 824 sententiis
525 748 736 833 admittatur,
766 772 819 820 res
845 747 879 819 in
905 762 975 821 tuto
998 764 1061 821 est.

167 872 201 938 6.
231 864 323 938 ldem
349 890 434 962 pene
458 880 510 937 est
533 890 649 950 casus,
677 863 736 962 qui
767 877 859 937 serto
891 862 962 936 loco
993 863 1190 963 proponitur

95 1006 169 1054 cum
189 978 427 1078 praecedente,
446 975 598 1076 adeoque
614 977 730 1050 eadem
747 977 855 1076 aptari
879 977 978 1051 debet
1001 979 1186 1077 responsio.

93 1095 246 1168 Ceterum
270 1091 356 1192 nihil
379 1091 490 1166 obstat
513 1093 596 1191 quin
619 1091 743 1190 aliquis
761 1093 806 1165 sit
827 1092 969 1190 incapax
993 1094 1189 1167 sacramenti

95 1206 321 1306 suscipiendi,
341 1223 373 1280 et
389 1206 496 1305 possit
511 1205 729 1280 nihilominus
754 1205 849 1280 alteri
871 1212 1114 1281 sacramentum
1130 1207 1191 1282 ed-

95 1322 295 1396 ministrare.
312 1321 350 1392 ld
371 1336 462 1418 patet
477 1345 517 1394 ex
534 1320 677 1394 adducto
701 1319 854 1419 exemplo
877 1320 1049 1420 baptismi.
1070 1321 1191 1420 Utique

95 1435 204 1532 agitur
218 1434 264 1509 de
279 1449 487 1508 sacramento
511 1434 554 1507 ad
580 1433 721 1508 salutem
747 1435 954 1522 necessario,
983 1461 1059 1508 cum
1083 1436 1195 1532 agitur
1222 1465 1225 1469 ·

28 1575 33 1592 ·
96 1550 137 1624 de
152 1548 337 1649 baptismo;
364 1549 424 1622 sed
449 1548 506 1622 hic
527 1549 639 1646 agitur
661 1550 706 1622 de
729 1566 937 1623 sacramento
962 1549 1015 1622 sui
1040 1549 1190 1647 generis

93 1666 184 1766 quod
197 1665 363 1765 sequitur,
378 1680 416 1738 ut
428 1664 525 1738 toties
542 1660 800 1752 memoavimus,
818 1679 970 1738 naturam
986 1659 1188 1739 conuectos

166 1781 201 1852 l.
229 1777 478 1876 Argumentum,
494 1778 585 1878 quod
598 1779 739 1878 septimo
755 1776 828 1852 looo
843 1779 999 1866 affertur,
1020 1779 1189 1878 quodque,

60 1921 62 1930 ¹
96 1894 266 1982 otmunt,
290 1893 401 1968 Uanus
420 1895 538 1992 puceis
554 1909 591 1966 ct
607 1895 750 1992 merptce
766 1892 968 1982 ostendit,
959 1919 1026 1967 ram
1051 1893 1194 1968 solverat

95 2009 184 2103 card
211 1996 449 2096 bellarminus,
478 2009 536 2108 qui
561 1996 794 2083 animadvertit
817 2009 864 2081 nil
889 2010 1010 2082 mirum
1033 2035 1134 2096 esse,
1163 2009 1195 2083 si

95 2138 336 2198 sacramomum
358 2123 559 2201 matrimonii
587 2124 687 2197 etiam
706 2123 750 2196 ab
769 2123 966 2198 absentibus
991 2124 1189 2223 recipiatur,

94 2262 169 2311 cum
193 2238 237 2313 ad
262 2238 401 2313 [ormam
424 2253 612 2314 contractus
637 2238 827 2312 institutum
847 2238 908 2326 sit,
936 2238 1077 2338 eiusque
1102 2253 1196 2311 uatu-

93 2378 164 2426 ram
193 2368 365 2454 sequatur.
395 2355 465 2427 lam
498 2379 576 2428 rem
606 2379 671 2426 usu
696 2368 729 2425 et
752 2353 991 2427 consuetudine
1024 2369 1194 2453 receptum

94 2483 162 2556 oet,
191 2482 230 2541 ut
251 2481 440 2543 orneacus
465 2494 525 2568 per
549 2467 676 2541 litteras
693 2483 726 2542 et
742 2494 803 2567 per
818 2483 1049 2567 procuratores
1066 2468 1196 2568 passim

94 2581 186 2657 liant.
203 2581 275 2655 Hae
290 2582 326 2654 in
343 2581 523 2691 hypothesi
540 2608 607 2657 non
625 2599 830 2683 procurator,
848 2583 907 2657 sed
921 2582 1122 2658 contrahens
1135 2610 1200 2683 per

95 2711 339 2826 procuratorem
363 2697 502 2805 gratiam
527 2714 559 2771 et
583 2713 828 2773 sacramentum
857 2698 986 2798 recipit.
1015 2699 1195 2773 caietanus

95 2835 173 2885 vero
195 2837 217 2885 a
240 2811 335 2887 novis
359 2799 573 2912 opinionibus
598 2840 666 2887 non
691 2815 775 2888 satis
800 2814 990 2902 abhorruit,
1018 2832 1056 2890 ut
1080 2840 1196 2889 omnes

96 2942 234 3014 norunt,
261 2953 325 3001 uec
348 2926 451 3002 semel
475 2928 573 3002 hae
564 2954 640 3035 ipsa
663 2929 707 3002 de
732 2955 835 3003 causa
838 2906 886 3001 in
903 2930 1196 3057 reprehensionem

95 3041 272 3115 multorum
295 3040 432 3128 inoidit3
452 3041 500 3114 uil
525 3042 666 3140 proinde
691 3044 811 3115 mirum
835 3042 941 3119 uideri
966 3041 1084 3129 debet,
1104 3043 1134 3115 si
1160 3043 1195 3116 in

95 3155 176 3244 hoc,
198 3181 266 3257 quo
288 3155 334 3229 de
355 3156 506 3254 agimus,
528 3171 722 3254 argumento
743 3183 764 3230 a
782 3183 862 3232 uero
877 3182 945 3230 non
962 3181 1081 3255 parum
1097 3154 1196 3230 ablu·

95 3269 184 3345 serit.
201 3269 268 3356 Qui
286 3284 397 3344 autem
416 3270 575 3345 Caietano
596 3295 672 3343 sese
696 3286 927 3370 opposuerunt
942 3296 1010 3345 non
1027 3286 1106 3345 sunt
1122 3297 1197 3344 corr-

96 3385 289 3484 temptibt'les
304 3383 354 3459 illi
372 3384 532 3482 theologi,
561 3386 621 3486 qui
646 3383 757 3458 stultis
782 3383 1050 3485 turbulentisque
1072 3385 1197 3460 clemo-

96 3499 187 3574 ribus
217 3498 347 3574 alienas
376 3501 557 3574 amentias
589 3499 737 3574 refellere
762 3497 983 3600 perrexerint,
1018 3515 1057 3574 ut
1084 3500 1196 3574 Canus

95 3613 260 3714 loquitur,
281 3614 342 3688 sed
366 3629 517 3695 auctores
542 3614 750 3712 gravissimi;
779 3617 968 3714 quaerero
992 3614 1101 3688 eidem
1125 3615 1197 3688 risa

94 3743 174 3802 sunt
191 3727 359 3816 absurda,
380 3727 460 3803 eliis
483 3728 666 3829 probantur
690 3744 860 3829 tamquam
883 3755 962 3804 vora
987 3755 1027 3805 ao
1051 3729 1197 3804 rationa-

94 3841 176 3916 bilia
195 3843 284 3939 (lt).
306 3842 423 3917 Exitus
448 3865 530 3916 sane
554 3841 699 3917 ostendit
722 3844 800 3944 quis
823 3842 997 3918 ueritatem
1021 3856 1195 3918 assecutus

167 4099 220 4164 (lo)
234 4096 274 4151 cl.
285 4099 393 4153 emelim
401 4099 450 4153 loc.
462 4101 505 4154 clt.

166 4179 219 4244 (te)
233 4180 273 4233 Ol.
284 4182 391 4234 senonen
400 4185 439 4234 De
448 4185 528 4235 metr.
541 4183 584 4234 llb.
593 4184 625 4234 11.
637 4183 701 4248 disp.
713 4191 736 4235 2.
747 4184 771 4249 ς.
783 4189 822 4236 27.
832 4183 874 4235 ubi
882 4181 1023 4248 quindecim
1032 4181 1143 4232 auctores
1153 4193 1198 4246 pro

95 4259 141 4310 hue
150 4260 273 4312 seutmtir
280 4263 399 4326 rorensem
410 4262 500 4326 qmbns
510 4263 592 4328 plures
602 4262 665 4314 alios
674 4262 764 4316 adiecit
773 4263 864 4328 Kuglor
874 4263 899 4314 in
909 4274 950 4328 op.
961 4264 999 4313 lte
1009 4263 1089 4313 metr.
1100 4273 1126 4312 u.
1141 4263 1196 4312 4²³.

94 4337 508 4406 montemaureum.
518 4341 633 4406 cap.{.§.
644 4342 676 4394 11.
857 4364 859 4370 s
