2872 5062
131 420 132 423 ,
222 347 289 419 202
412 368 472 418 uc.
494 369 517 417 r.
539 366 625 417 secr.
646 369 668 416 r.
690 368 729 416 ur
754 367 884 418 nurum.
906 367 1119 420 secuturum.

217 487 386 585 perficitur
410 499 646 558 armamentum
662 485 721 558 suh
738 486 844 583 [orma
861 480 1067 583 praescripto
1091 485 1280 572 amborum,
1297 506 1330 562 et

222 618 274 677 est
298 599 534 701 inseparabilis
547 626 587 674 ec
601 601 793 673 indistincta
806 627 827 676 a
839 617 1064 689 sacramento;
1080 603 1127 675 ita
1139 619 1332 680 contractus

221 717 403 817 nuptialis,
423 718 501 790 dato
522 718 643 804 etiam,
664 716 754 815 quod
771 734 848 790 ante
865 734 1111 794 sacramentum
1128 720 1332 794 matrimonii

221 831 400 920 subsistat,
429 847 565 905 nonest
582 831 648 904 nisi
674 832 813 903 materia
837 847 974 918 remota,
995 858 1071 905 cum
1088 848 1199 906 autem
1224 859 1334 907 scorc-

173 957 175 961 ’
220 963 363 1021 cuntem
382 948 551 1046 perficitur
574 947 639 1020 sub
664 946 785 1020 debitis
808 947 1077 1035 conditionibus,
1097 963 1131 1021 et
1146 947 1334 1047 prolatione

221 1063 347 1137 formae
359 1062 600 1161 praescriptae,
618 1063 655 1134 fit
668 1063 807 1135 materia
816 1064 989 1160 proxima,
1006 1062 1123 1135 utiam
1136 1090 1201 1137 non
1214 1060 1334 1136 distin·

220 1177 399 1276 guaturab
412 1176 487 1276 ipso
499 1177 703 1252 matrimonii
724 1192 933 1251 sacramento
957 1192 1056 1276 prout
1075 1203 1209 1259 rursum
1231 1204 1334 1278 expo-

220 1295 270 1367 nit
293 1320 323 1367 s.
340 1292 485 1368 Thomas
513 1320 590 1368 oum
621 1292 754 1368 scribit:
787 1293 1005 1367 «Dicendum
1030 1292 1146 1392 quod,
1180 1292 1272 1367 sicut
1294 1319 1333 1367 se

222 1408 324 1482 habet
349 1409 474 1482 ablutio
498 1412 640 1483 exterior
656 1410 699 1483 ad
715 1409 939 1509 baptismum,
960 1409 1006 1483 ita
1023 1434 1061 1482 se
1077 1408 1178 1482 hebet
1196 1435 1334 1508 expres·

223 1524 275 1598 sio
300 1522 476 1597 verborum
497 1524 541 1597 ad
563 1524 628 1598 hoc
652 1540 913 1612 sacramentum,
941 1540 979 1599 ut
1002 1524 1129 1599 dictum
1146 1540 1199 1599 est
1215 1527 1331 1621 (26).»

222 1639 265 1713 Et
283 1637 380 1712 alibi:
405 1637 541 1711 «Actus
566 1640 760 1727 exteriores,
788 1639 917 1738 inquit,
937 1656 970 1712 et
986 1640 1088 1713 verba
1113 1639 1334 1739 exprimentia

223 1779 426 1829 consensum
451 1752 575 1827 directe
601 1754 726 1827 faciunt
751 1779 872 1827 nexum
898 1755 1096 1853 quemdam,
1116 1755 1176 1853 qui
1200 1770 1254 1829 est
1279 1780 1333 1828 sa·

224 1884 429 1943 crementum
454 1867 656 1942 matrimonii
673 1871 786 1963 (blla
1233 1886 1236 1893 '

294 1984 378 2058 Cum
399 1983 540 2083 proinde
558 1984 593 2056 in
613 2008 824 2083 quacumque
850 1984 1050 2084 hypothesi,
1078 2010 1139 2057 seu
1164 1984 1332 2083 theologo

223 2116 297 2175 rum
315 2101 401 2174 inter
414 2126 453 2174 sc
464 2102 685 2200 pugnantium
703 2103 883 2188 sententia,
914 2116 1158 2175 sacramentum
1183 2101 1333 2198 coniugii

223 2219 270 2290 sit
294 2230 483 2290 contractus
508 2207 726 2303 nubentium,
754 2232 921 2315 quatenus
938 2218 971 2289 vi
989 2215 1166 2290 verborum
1189 2242 1251 2290 seu
1269 2217 1334 2290 lor·

224 2358 300 2405 mee
312 2331 538 2430 praescriptae
552 2331 590 2404 fit
601 2347 862 2419 sacramentum,
883 2333 973 2431 quod
991 2346 1042 2405 est
1062 2333 1097 2404 in
1116 2330 1332 2418 indivisibili,

226 2462 316 2543 patet
341 2446 487 2544 prolecto
512 2462 756 2519 sacramentum
773 2472 839 2535 non
857 2444 1002 2545 amplius
1020 2446 1162 2545 spectari
1181 2461 1335 2545 possent

226 2586 296 2632 rem
319 2560 511 2633 distinctam
530 2587 555 2632 a
569 2577 740 2633 contractu
759 2560 960 2633 connubiali.
980 2561 1190 2660 Quapropter
1202 2560 1245 2633 ad
1259 2585 1335 2634 eum

223 2673 372 2759 modum,
390 2700 457 2773 quo
470 2675 616 2772 perlecta
627 2677 784 2749 unctione
797 2704 863 2750 nou
877 2693 987 2775 potest
1004 2676 1167 2774 distingui
1186 2675 1230 2749 ab
1247 2676 1334 2765 oleo,

223 2815 291 2888 quo
311 2791 425 2862 unctio
445 2791 531 2863 lucta
555 2807 625 2878 est,
641 2806 715 2864 'seu
740 2819 760 2864 a
785 2809 993 2866 sacramento
1017 2809 1184 2866 extremae
1205 2792 1336 2867 unctiu-

224 2903 298 2990 nis;
322 2920 356 2976 et
376 2920 510 3002 peracta
531 2907 781 2980 consecratione
798 2933 865 2981 non
882 2923 1026 3007 possunt
1042 2907 1205 3004 distingui
1223 2907 1260 2978 in
1277 2934 1335 2981 cu-

225 3019 386 3093 charistia
415 3021 513 3120 panis
543 3047 582 3094 ao
613 3023 728 3095 viuum
754 3049 775 3095 a
800 3039 1027 3110 sacramento,
1055 3021 1147 3121 quod
1181 3021 1338 3096 subsistit

224 3134 449 3210 mediantibus
468 3136 661 3236 speciebus,
676 3140 723 3211 ita
740 3138 905 3212 celebrato
922 3138 1026 3212 semel
1044 3137 1256 3211 matrimonio
1274 3136 1337 3211 sub

224 3248 348 3323 debitis
374 3251 643 3338 conditionibus,
668 3268 739 3326 'non
764 3269 874 3353 potest
897 3252 1043 3350 amplius
1068 3252 1233 3348 distingui
1259 3277 1337 3327 con·

225 3378 351 3441 tractus
376 3391 397 3436 a
422 3383 655 3453 sacramento,
688 3395 763 3442 eum
789 3369 864 3468 ipse
888 3383 1077 3442 contractus
1101 3369 1133 3441 vi
1158 3367 1336 3442 uerborum

225 3504 302 3553 sese
325 3484 523 3557 converterit
547 3484 582 3556 in
608 3500 851 3558 sacramentum
877 3484 1035 3558 connubii
1053 3483 1245 3570 christiani,
1267 3483 1337 3557 sire

197 3593 309 3666 ‘haec
337 3595 438 3671 verba
464 3597 594 3696 prolata
618 3599 741 3674 luerint
766 3600 808 3672 ab
833 3600 918 3698 ipsis
943 3598 1243 3684 contrahentibus,
1268 3598 1338 3671 sive

225 3734 247 3782 a
270 3709 443 3787 sacerdote
468 3712 656 3786 conferente
680 3711 960 3787 benedictionem.

298 3826 474 3923 Superllua
499 3827 623 3900 haece
648 3827 745 3900 nobis
771 3827 1035 3927 appellarentur,
1057 3826 1123 3900 nisi
1140 3850 1268 3900 morem
1285 3850 1339 3922 ge·

227 3966 299 4021 rere
322 3941 484 4019 vellemus
507 3943 644 4015 alterius
667 3945 866 4030 sententiae,
888 3944 1016 4016 scilicet
1036 3942 1138 4029 Cani,
1167 3940 1333 4040 patronis,

226 4081 307 4131 uere
342 4057 543 4132 adversariis
571 4057 732 4155 effugium
758 4059 1050 4159 relinqueremus,
1088 4057 1185 4159 quasi
1219 4080 1336 4156 nempe

300 4270 350 4331 (ac)
363 4272 391 4318 ln
405 4275 427 4320 4.
439 4271 501 4322 Dist.
515 4275 553 4320 27.
564 4285 607 4334 qu.
618 4281 638 4322 1.
651 4276 696 4322 art.
710 4281 732 4324 a.
747 4273 787 4324 Ad
798 4275 923 4338 quartam
938 4273 1038 4337 precem.

303 4347 352 4410 (27)
369 4349 431 4399 lbid.
445 4363 488 4413 qu.
502 4358 525 4401 2.
538 4352 584 4402 ert.
597 4359 618 4403 3.
631 4352 661 4402 ed
672 4360 693 4403 2.
