2872 5062
217 371 286 421 cur.
304 369 348 419 nr.
365 369 405 420 nn
423 369 541 420 anons.
558 369 617 421 nno
629 368 708 421 unos
722 369 763 420 ns
775 370 869 422 stru.
887 371 1033 424 eumne.
1050 374 1096 425 nr.
1153 354 1219 425 itt

118 517 139 562 a
161 516 245 564 rom.
265 487 424 589 pontifice
447 487 544 561 [acilo
565 487 707 562 obtineri
729 490 857 588 possit;
883 507 962 563 sunt
981 506 1090 565 amen
1114 492 1222 584 aliae,

117 605 392 706 quaepraecipue
404 618 580 677 versantur
591 604 680 677 eirca
693 603 817 679 cultum
827 629 867 677 ac
879 604 986 680 bonos
1000 632 1123 696 mores,
1135 635 1223 708 quae

117 719 255 794 omnino
279 716 430 816 obligant
454 718 647 817 provincias
672 744 712 792 ac
737 744 841 815 regna
866 718 987 808 etiam,
1007 745 1069 793 nec
1086 721 1129 794 ab
1146 723 1224 798 isto

118 861 192 908 rum
218 833 445 933 acceptatione
469 832 539 906 ulla
563 832 693 907 ratione
712 833 873 934 pendent,
894 833 997 909 multo
1013 862 1092 911 vero
1109 837 1223 912 minus

116 963 259 1049 possunt
275 947 319 1022 ab
335 947 378 1021 iis
396 947 557 1022 revocari.
586 948 756 1048 Numquid
775 973 878 1046 regna
894 964 928 1023 et
944 950 1138 1053 provinciae
1155 978 1222 1027 non

115 1079 271 1140 tenentur
290 1064 468 1138 ecelesiam
492 1062 610 1138 audire
634 1065 734 1163 eique
757 1063 976 1165 praecipienti
1002 1066 1163 1168 obsequi,
1185 1068 1222 1140 in

115 1180 159 1255 iis
181 1179 400 1280 praesertim,
424 1206 512 1279 quae
536 1179 580 1254 ad
606 1178 731 1254 cultum
758 1180 859 1254 etad
883 1179 990 1256 bonos
1015 1207 1125 1256 mores
1147 1208 1223 1281 per·

117 1298 253 1372 tinent?
278 1297 376 1372 Tales
405 1312 516 1371 autem
546 1312 626 1371 sunt
654 1297 745 1395 leges
776 1297 1039 1397 disciplinares,
1067 1325 1154 1398 quae
1178 1299 1222 1373 ad

115 1428 399 1488 sacramentorum
417 1412 740 1487 administrationem
757 1428 922 1513 spectant.
943 1413 1154 1493 Contrarium
1172 1414 1222 1489 al·
1319 1406 1321 1411 ’

116 1529 250 1604 firmare
274 1529 440 1604 haeresim
461 1529 567 1630 sapit;
587 1529 734 1629 talisque
754 1555 886 1630 semper
905 1530 1033 1618 extitit,
1053 1530 1221 1630 quidquid

114 1643 329 1720 adversarius
354 1659 526 1732 autumet,
555 1643 646 1718 orbis
672 1643 828 1717 catholici
853 1643 1006 1718 doctrina
1028 1673 1064 1716 e.
1085 1644 1217 1743 praxis,

115 1785 259 1859 eumque
283 1783 529 1858 provocamus,
558 1774 596 1832 ut
619 1758 822 1831 contrarium
848 1758 1115 1854 evincat(106).

186 1876 259 1948 Non
284 1874 384 1973 pauci
408 1873 512 1971 igitur
537 1889 616 1947 sunt
643 1898 772 1947 amores
802 1874 899 1972 queis
931 1873 1082 1974 undique
1115 1889 1221 1949 scatet

115 1989 281 2064 senatoris
306 1988 477 2088 subalpini
504 1989 620 2063 oratio.

184 2230 250 2295 (tou)
266 2230 403 2295 Principia,
415 2231 514 2294 quaein
523 2229 708 2281 huiuwmtoris
720 2229 895 2294 disceptatione
907 2229 1039 2292 habentur,
1048 2243 1078 2281 ea
1087 2231 1140 2294 ipsa
1148 2231 1219 2292 sunt,

111 2311 376 2375 quaemadmodum,
394 2312 429 2362 lo.
442 2313 524 2374 ilum,
543 2310 651 2362 Mamilio
669 2311 800 2374 Patauino,
818 2309 941 2372 lauduno,
961 2311 1083 2373 Luthero,
1102 2310 1221 2374 calvino,

110 2391 197 2442 cretio
205 2391 297 2441 iamdiu
308 2391 399 2441 tradita
407 2393 477 2454 sunt,
489 2403 551 2453 quos
561 2391 655 2455 praeter
662 2388 1219 2454 Pufiendoriium,idoshunium‚iioohnrernm,

110 2471 253 2522 Buddaoum
272 2471 349 2521 secuti
359 2471 418 2520 sunt
428 2473 550 2532 Loysaeus
561 2470 587 2519 in
597 2483 644 2520 suo
655 2471 760 2520 tractatu
772 2472 823 2520 Dee
834 2467 1007 2534 seoncurtem
1016 2484 1042 2534 p.
1053 2473 1089 2521 La
1097 2468 1177 2521 Bcrde
1192 2471 1220 2522 in

110 2563 193 2615 opusc.
200 2552 335 2614 Principes
343 2561 392 2600 sur
401 2548 532 2613 iconomo,
543 2548 572 2600 in
581 2548 733 2600 distinction
742 2552 769 2600 ei
778 2549 816 2600 ies
825 2549 921 2601 limites
931 2549 977 2602 tier
986 2549 1218 2616 conspectantes

109 2629 258 2696 spiritualia
274 2631 301 2680 et
319 2628 481 2694 temporatia,
494 2628 561 2694 quod
574 2629 718 2694 proscripsit
737 2629 882 2681 Benedictus
899 2631 964 2680 xiv.
975 2630 1002 2680 in
1017 2631 1117 2681 constit.
1125 2630 1166 2682 Ati
1178 2644 1218 2682 aa·

109 2709 201 2761 nidum
220 2711 281 2760 tom.
293 2711 336 2760 iv.
348 2710 401 2760 eins
416 2709 508 2760 Bulinr.
521 2721 576 2774 pag.
590 2715 643 2762 15³.
653 2708 693 2761 ed.
705 2712 778 2760 Rom·
796 2722 838 2762 seu
857 2712 965 2762 venemo
985 2715 1054 2762 1758.
1076 2711 1109 2761 iii
1133 2723 1219 2761 omnes

110 2789 225 2841 ecciesiae
234 2787 427 2839 iurisdictionem
437 2790 463 2839 et
470 2788 630 2852 legislativum
642 2791 786 2854 potestatem
795 2788 955 2853 denegarunt,
963 2802 992 2840 ac
1001 2791 1145 2855 potestatem
1155 2789 1220 2840 indi·

111 2868 231 2933 eunom
251 2880 325 2932 quem
350 2881 457 2919 errorem
477 2867 503 2918 in
523 2868 632 2920 Manilio
650 2868 770 2920 Patauino
790 2880 820 2918 nc
839 2868 950 2919 landono
968 2869 1128 2921 damnaverat
1147 2871 1217 2919 lonn-

110 2961 154 3000 nes
162 2950 239 3001 xiiii.
250 2949 335 2998 cousi.
346 2949 417 2998 nicet
425 2949 505 2998 iunio
515 2947 673 2999 doctrinam.
684 2947 755 3012 Apud
764 2947 917 3011 Rnynaidum
928 2949 988 2999 tom.
1003 2950 1032 2998 v.
1045 2960 1099 3011 pag.
1112 2950 1167 2998 547.
1176 2945 1216 2997 ed.

110 3030 305 3159 Luc“diluemus
321 3120 395 3170 qnam
416 3106 577 3172 perniciosam
595 3106 732 3157 doctrinam
747 3105 786 3157 ci.
799 3106 863 3156 inter
875 3067 968 3156 ceteris
979 3105 1097 3156 eximium
1107 3119 1170 3169 opns
1180 3108 1215 3156 lo.

109 3189 165 3240 Ant.
176 3187 277 3239 Bianchi
287 3187 366 3239 Delio
377 3187 504 3252 pumice
515 3187 587 3237 delio
593 3186 694 3251 policia
706 3185 779 3238 dolia
787 3186 875 3237 citium
884 3185 927 3237 lib.
939 3188 958 3236 i.
972 3201 994 3236 o.
1005 3188 1036 3237 V.
1045 3185 1088 3249 qui
1100 3185 1218 3237 acerrime

107 3269 241 3332 esudavit
253 3270 353 3318 Petrum
369 3268 490 3319 Giannoni
506 3266 683 3318 ecclesiasticae
700 3268 828 3330 potestatis
844 3267 939 3318 hostem
953 3266 1158 3329 infensissimum,
1173 3279 1218 3317 nec

106 3362 154 3400 nou
165 3352 200 3401 Le
209 3348 319 3400 Gendre:
332 3348 468 3400 iudicium
478 3347 623 3412 episcopale
635 3347 763 3399 ednotus
774 3351 813 3399 io.
826 3346 979 3409 Goiitosredi
989 3351 1116 3398 aramme
1130 3346 1215 3399 vindi·

109 3432 201 3479 caium
209 3446 221 3490 ,·
235 3427 398 3478 Mamachinm
414 3429 488 3492 epiri.
502 3431 542 3478 il.
555 3427 592 3478 aci
606 3428 767 3478 Febronium
778 3427 802 3491 §.
813 3429 870 3477 xix
878 3439 928 3491 seq.
943 3440 998 3491 pag.
1012 3428 1216 3478 aucmentum

110 3509 135 3558 in
144 3522 229 3572 opusc.
237 3511 272 3559 Lo
281 3511 363 3559 utorio
371 3507 428 3559 ideo
437 3506 606 3558 roddrizzcie
614 3520 668 3570 cap.
675 3514 698 3557 5.
705 3509 730 3557 et
738 3506 804 3572 quod
815 3509 889 3569 caput
898 3507 989 3570 est,vei
998 3507 1079 3571 ipsum
1086 3508 1216 3570 Fienryum

110 3591 178 3640 Dite.
194 3591 256 3640 vii.
267 3601 316 3640 rur
331 3588 618 3640 luctantemque
632 3587 800 3651 injuriadici.
813 3587 958 3640 mantello
974 3587 992 3638 ὰ
1009 3586 1214 3652 i'iuiise.1)eroti

111 3671 200 3734 instit
214 3671 313 3722 Canon.
326 3671 386 3721 tom.
399 3671 443 3721 111.
457 3668 720 3734 tio‚111.tit.1.§.iV.
