2872 5062
204 334 248 405 88
402 352 463 403 rra.
484 353 507 402 r.
529 352 614 403 secr.
636 354 658 402 r.
683 354 722 402 nu
740 353 870 403 urrnru.
893 350 1108 404 sarmarum.

274 472 362 544 Sane
385 470 565 543 concilium
592 470 799 543 lateranense
823 470 884 541 lll.
906 496 961 542 an.
990 473 1097 543 1179.
1115 483 1204 544 vetat
1227 496 1315 570 quo

200 589 313 661 miuus
331 586 489 660 sacerdos
507 585 682 684 quidpiam
700 585 840 684 recipiat
849 611 910 684 pro
926 583 1147 675 benedicendis
1163 588 1309 683 nuptiis,

199 727 256 775 scu
280 703 358 775 ollis
382 702 595 773 sacramentis
620 699 839 798 conferendis,
861 716 958 799 prout
983 699 1122 773 refertur
1138 725 1213 798 cap.
1229 701 1312 772 Cam

200 818 235 888 io
260 816 394 887 ecclesio
418 815 475 884 IX.
492 815 539 884 De
563 814 714 885 simonio.
736 812 819 885 Cum
845 812 984 914 proinde
1009 812 1189 885 concilium
1212 811 1313 885 bene-

200 931 380 1003 dictionem
400 927 638 1001 sacerdotalem
657 928 836 1027 innuptiis
859 927 1006 1000 conlerat
1026 952 1101 999 curn
1127 942 1312 1000 ceterorum

199 1058 480 1118 sacramentorum
499 1041 803 1130 administratione,
820 1043 902 1115 satis
916 1057 1028 1141 aperte
1045 1042 1173 1115 indicat
1193 1041 1312 1133 eodem

199 1159 233 1247 in
257 1181 361 1230 censu
385 1154 508 1228 habere
533 1155 697 1227 eiusmodi
729 1155 1008 1228 benedictionem.
1036 1155 1156 1227 Verum
1187 1154 1312 1229 clarius

199 1272 310 1345 adhuc
341 1269 488 1368 idipsum
515 1269 688 1368 profitetur
711 1270 917 1344 Sacerdotula
942 1296 1111 1342 romonum
1135 1295 1223 1342 anno
1248 1269 1313 1343 cir-

199 1386 291 1459 citer·
306 1385 413 1455 1191.
436 1383 582 1470 editum,
604 1384 638 1455 in
656 1410 724 1483 quo
741 1383 882 1482 legitur:
901 1383 1092 1457 «Sacerdos
1118 1384 1313 1482 pronuntiet

198 1499 316 1591 verba,
338 1513 513 1596 quaesunt
528 1498 635 1596 [ormo
651 1499 961 1593 socromcotladam
975 1523 1059 1572 uero
1077 1498 1108 1570 si
1126 1495 1311 1570 sacerdotis

199 1627 250 1687 est
275 1611 474 1686 sacramenti
501 1609 640 1683 sormam
671 1611 908 1710 pronunciare,
938 1612 1054 1710 ecquis
1078 1610 1208 1684 dubitet
1236 1636 1312 1683 eum

201 1727 304 1800 huius
322 1725 520 1799 sacramenti
546 1725 780 1798 administrum
806 1724 908 1800 esse?

271 1839 378 1938 Atque
404 1839 488 1911 haec
520 1839 701 1937 praecipua
734 1853 812 1912 sunt
844 1839 1053 1938 antiquitatis
1083 1838 1308 1925 documenta,

199 1981 288 2054 quae
305 1953 346 2025 ab
364 1953 466 2027 huius
484 1953 669 2025 sententiae
694 1953 843 2050 patronis
867 1969 1026 2050 congesta
1043 1967 1136 2041 sunt,
1157 1979 1312 2052 quaeque

200 2094 263 2142 nos
288 2093 410 2164 magna
435 2065 569 2139 solertia
601 2091 641 2138 ex
666 2065 752 2165 ipsis
778 2065 1046 2167 deprompsimus
1072 2081 1171 2166 atque
1195 2080 1312 2139 contu-

197 2184 304 2280 limus
321 2183 410 2278 (18).

613 2351 821 2409 surrectus
841 2352 892 2408 111.
1008 2417 1012 2425 ‚

559 2493 739 2570 Argumenta
758 2495 943 2572 Theologicn.

271 2641 348 2715 Post
379 2642 577 2714 documenta
606 2667 646 2713 ex
675 2641 873 2740 antiquitate
904 2641 1117 2742 deprompta,
1146 2640 1190 2714 ad
1215 2667 1311 2739 argu·

199 2772 309 2829 menta
334 2783 374 2827 ex
399 2755 508 2853 ipsius
535 2754 722 2852 theologiae
747 2756 894 2830 lontibus
919 2758 990 2832 sive
1007 2785 1047 2830 ex
1064 2757 1112 2830 rei
1132 2757 1242 2856 ipsius
1260 2756 1312 2832 vi-

197 2873 348 2953 sceribus
373 2873 476 2972 petita
493 2899 530 2946 se
548 2873 713 2973 recipiunt
737 2874 888 2949 eiusdem
915 2876 1097 2950 sententiae
1121 2873 1311 2974 adstipula-

198 3005 299 3062 tores.
316 2990 388 3061 lmo
410 2987 520 3060 Canus
544 2987 586 3059 ab
604 2987 659 3061 his
677 2988 936 3089 disputationem
963 3017 1059 3063 suam
1084 3014 1222 3063 exorsus
1239 3003 1308 3077 est,

199 3104 321 3204 hisque
346 3104 560 3176 vehementer
585 3102 748 3175 innititur.
766 3103 1045 3204 Quandoquidem
1063 3120 1173 3178 autem
1191 3103 1308 3177 fusiori

196 3243 237 3289 ea
261 3217 389 3289 calamo
414 3231 465 3290 est
489 3232 729 3316 prosequutus,
758 3243 878 3317 operae
904 3219 1046 3316 pretium
1074 3218 1250 3305 ducimus,
1279 3217 1309 3290 si

197 3359 244 3415 ea¹
262 3333 393 3419 omnia,
414 3360 500 3431 quae
518 3333 559 3405 ab
577 3334 652 3431 ipso
670 3334 838 3433 disputata
864 3349 956 3423 sunt,
978 3351 1146 3435 tamquam
1163 3334 1199 3405 in
1219 3358 1310 3407 com-

197 3447 356 3546 pendium
384 3448 475 3520 hunc
501 3448 671 3521 inlocum
697 3449 891 3522 reseramus.

268 3561 315 3633 Ac
332 3563 439 3661 primo
458 3563 522 3636 sibi
540 3564 629 3636 viam
647 3565 778 3663 paravit
794 3563 1041 3652 contendendo,
1057 3562 1306 3637 matrimonium

195 3676 286 3777 quod
304 3677 377 3750 sine
398 3678 559 3751 ecclesiae
580 3679 732 3752 ministro
758 3695 961 3754 contractum
987 3680 1048 3766 sit,
1070 3680 1104 3751 id
1123 3704 1306 3778 numquam

195 3808 285 3865 certo
317 3792 548 3891 constantique
579 3793 715 3865 scholae
734 3794 907 3891 sullragio
935 3793 1086 3866 habitum
1112 3793 1219 3867 luisse
1243 3818 1307 3866 ceu

194 3931 309 3979 verum
322 3922 354 3979 et
367 3907 536 4007 proprium
556 3922 816 3996 sacramentum;
839 3935 946 4008 neque
963 3935 1036 3981 eam
1055 3933 1125 3983 rem
1141 3906 1187 3980 ad·
1203 3907 1305 3981 fidem

195 4035 228 4092 et
252 4021 445 4118 religionem
471 4022 625 4108 attinere;
648 4049 756 4122 neque
776 4048 891 4096 omnes
918 4022 1052 4096 scholae
1078 4022 1250 4121 theologos
1270 4022 1305 4094 id

195 4137 390 4210 asseruisse.
413 4136 544 4223 Quibus
569 4137 770 4237 disputatis,
794 4150 880 4211 totus
899 4138 934 4210 in
951 4165 991 4227 eo
1008 4155 1058 4212 est
1076 4153 1113 4212 ut
1129 4137 1302 4224 ostendat,

265 4287 315 4350 (rs)
330 4289 367 4338 ct'.
380 4289 453 4340 ctiam
470 4288 614 4353 ltoslrovlny
627 4302 668 4354 op.
679 4291 704 4340 et
714 4290 762 4342 loc.
775 4289 816 4340 cit.
825 4291 886 4341 Item
896 4289 1007 4342 carritre
1016 4305 1057 4356 op.
1068 4290 1159 4356 pariter
1167 4291 1194 4342 et
1203 4289 1305 4341 loccit.
