2872 5062
252 383 321 431 ott.
333 381 382 430 tv.-
392 380 432 429 ll!
445 376 563 429 Mil!-
578 378 637 427 PRO
652 378 730 427 LEGE
747 378 786 426 DE
801 377 896 428 111111.
910 378 974 427 etv.
991 379 1061 427 All'l'.
1080 379 1127 428 lll.
1201 356 1266 426 111

154 503 257 574 etiam
284 514 419 598 propter
442 497 704 582 conscientiam;
725 497 843 594 sicque
860 495 1063 570 haberentur
1080 496 1160 570 boni
1188 496 1272 571 lide·

158 616 208 688 les
235 629 270 686 et
293 612 410 714 optimi
436 613 541 685 cives.

230 729 338 801 Simili
354 729 481 801 ratione
495 728 766 826 respondendum
779 728 905 813 estiis,
922 753 1009 827 quae
1026 744 1137 801 orator
1157 726 1272 800 obiicit

156 848 199 919 de
217 845 310 919 civili
327 844 579 918 ecclesiasticae
597 844 682 942 legis
700 845 894 943 acceptione
908 845 942 916 in
957 845 1060 942 regno
1074 844 1266 943 subalpino.

157 963 226 1033 Nec
250 956 358 1032 roseit
381 960 472 1058 quod
500 946 645 1032 Pineroli
671 960 843 1058 provincia
869 960 978 1033 serius
1002 960 1132 1033 venerit
1157 960 1193 1031 in
1218 959 1272 1032 di·

158 1079 284 1151 tionem
302 1077 434 1149 ducum
453 1075 732 1163 Sabaudioorum;
753 1103 831 1149 nam
857 1103 933 1149 cum
959 1077 1073 1150 adhoc
1098 1076 1271 1176 provincia

160 1194 219 1265 illa
242 1191 425 1291 pertineret
451 1193 494 1265 ad
516 1191 644 1266 Galliae
668 1218 827 1290 regnum,
849 1193 883 1262 in
901 1218 941 1265 ea
959 1192 1026 1264 iam
1045 1191 1268 1292 promulgata,

160 1333 198 1380 ac
225 1308 260 1378 in
286 1309 400 1404 vigore
423 1322 495 1380 erat
528 1309 655 1380 sanctio
682 1307 862 1379 tridentina
893 1306 981 1380 circa
1015 1305 1271 1380 celebrationem

158 1422 415 1519 coniugiorum,
443 1423 524 1520 quia
554 1422 637 1494 illud
663 1422 831 1494 decretum
858 1421 904 1492 ibi
931 1422 1030 1493 etiam
1062 1422 1170 1494 luerat
1194 1447 1272 1519 pro-

160 1537 357 1632 mulgetum.

648 1755 684 1851 p.
715 1754 774 1825 ru.

507 1953 644 2029 Concilium
661 1915 741 2015 ipsum
759 1952 925 2001 tridentinum.

205 2108 208 2115 '
233 2106 305 2177 lam
330 2105 444 2203 plures
470 2106 662 2179 audivimus
685 2112 834 2178 oratores
856 2105 899 2178 ad
922 2104 1140 2178 tridentinum
1158 2105 1271 2202 ipsum

160 2220 341 2293 concilium
355 2247 416 2321 pro
430 2222 503 2318 lege
515 2221 719 2293 matrimonii
742 2220 851 2293 civilis
873 2245 1066 2319 provocare.
1084 2217 1271 2292 Concilium

160 2335 403 2422 tridentinum,
434 2336 536 2409 instat
564 2335 652 2409 alius
678 2351 830 2420 senator,
859 2350 988 2434 pugnat
1011 2348 1127 2407 contra
1152 2332 1272 2406 adver·

160 2450 281 2523 sarios.
306 2451 422 2525 <Primo
448 2451 585 2551 quidem
612 2450 789 2524 concilium
818 2449 1032 2524 florentinum
1068 2448 1270 2547 inspiratum

159 2593 180 2637 a
198 2567 326 2665 Spiritu
347 2568 466 2641 Sancto
481 2594 552 2640 non
571 2594 669 2641 secus
688 2566 988 2651 actridentinum,
1017 2563 1189 2652 definivit,
1218 2589 1273 2638 es·

159 2682 310 2754 sentiam
321 2684 521 2756 sacramenti
540 2683 747 2756 matrimonii
763 2681 949 2755 consistere
962 2681 998 2752 in
1012 2690 1182 2755 consensu
1194 2691 1271 2755 corr·

159 2797 384 2886 trahentium,
414 2799 505 2872 adsit
528 2800 581 2872 vel
609 2799 700 2872 desit
723 2799 899 2872 sacerdos:

178 2915 208 2949 '¹
234 2915 284 2984 ln.
299 2914 441 2987 concilio
471 2931 584 2987 autem
609 2915 791 2989 tridentino
817 2941 934 3013 quum,
948 2911 1131 2986 cardinalis
1156 2911 1273 2984 Lotha·

158 3029 304 3126 cingius«
317 3030 475 3126 coniugia
500 3030 710 3102 clandestina
734 3028 902 3102 abolenda
920 3042 1140 3126 proponeret,
1160 3039 1273 3124 patres

158 3145 405 3244 responderunt
424 3144 604 3218 concilium
631 3145 721 3217 haud
748 3170 850 3245 posse
875 3143 1025 3229 irritare,
1048 3139 1139 3240 quod
1156 3167 1178 3214 a
1194 3152 1274 3215 'con-
1332 3170 1334 3175 ·

158 3259 238 3332 cilio
264 3261 442 3334 florentino
469 3262 576 3334 luerat
599 3260 833 3359 approbatum.
1354 3249 1363 3259 ’

233 3377 270 3446 Ρ.
283 3376 500 3475 Campegius‚
517 3378 603 3448 inter
620 3385 827 3450 contractum
840 3402 880 3449 ao
893 3389 1139 3450 sacramentum
1152 3372 1274 3446 distin·

159 3492 272 3564 ctione
292 3493 443 3580 inducta,
473 3493 622 3579 censuit,
645 3493 768 3566 intacto
786 3507 1008 3579 sacramento,
1028 3516 1131 3588 posse
1154 3487 1272 3584 attingi

158 3623 376 3681 contractum.
394 3608 511 3681 Maiori
525 3624 656 3708 patrum
670 3634 810 3680 numero
832 3607 1012 3681 concilium
1032 3604 1274 3703 adstipulatum

159 3739 222 3795 est.
241 3724 328 3796 Hinc
341 3725 520 3797 concilium
539 3723 685 3797 seiunxit
697 3739 904 3797 contractum
918 3735 1177 3805 esacrament03
1194 3743 1275 3816 qua·

159 3854 296 3938 propter
316 3839 401 3936 legis
430 3840 540 3913 civilis
564 3839 748 3913 adversarii
761 3840 798 3912 in
812 3865 939 3913 canone
963 3836 1136 3911 tridentini
1162 3833 1274 3907 conci-

159 3953 214 4039 lii,
243 3956 325 4053 quin
351 3956 524 4029 inveniant
548 3956 754 4056 praesidium
771 3982 811 4029 ac
828 3956 978 4043 tutelam,
1006 3952 1182 4026 inveniunt
1207 3947 1273 4024 sibi

159 4070 307 4144 ruinam.

231 4186 337 4259 Unica
362 4186 448 4261 lacta
474 4205 525 4260 est
549 4188 583 4258 in
602 4189 745 4262 concilio
772 4188 954 4262 tridentino
980 4184 1170 4284 dogmatica
1194 4181 1276 4254 deli·

157 4297 267 4388 nitio,
298 4328 419 4402 nempe
444 4303 694 4376 matrimonium
725 4331 801 4379 esse
835 4320 1106 4390 sacramentum,
1147 4297 1276 4397 reliqua
