2872 5062
161 325 232 396 tot
353 347 414 398 nm.
435 347 458 397 r.
480 347 566 398 secr.
588 347 611 397 r.
632 348 672 397 nn
696 347 827 398 usrmu.
849 347 1061 398 sncmunnro.

159 464 271 567 quoad
296 455 362 538 alia
384 465 498 561 negari
516 466 632 565 nequit
649 466 839 538 necessario
857 464 1096 537 admittendam
1117 489 1208 554 esse,
1230 491 1272 538 ea

159 583 194 654 in
219 580 418 682 hypothesi,
440 580 689 653 distinctionem
706 581 793 653 inter
809 594 1013 653 contractum
1030 595 1063 652 et
1079 604 1273 680 sacramen·

158 713 241 770 tum.
255 696 345 769 llaec
357 695 525 795 siquidem
538 711 589 768 est
600 695 707 793 logica
724 696 829 769 illatio
840 721 882 767 ex
895 694 1000 767 semel
1013 693 1167 769 admisso
1178 696 1274 796 prin·

159 810 270 911 cipio,
298 810 389 909 quod
423 836 544 908 nempe
568 809 627 881 ubi
652 837 719 884 non
744 810 921 883 intervenit
946 809 1130 882 sacerdotis
1155 810 1270 896 actia,

160 952 221 1000 sau
239 926 313 999 eius
335 924 544 1012 benedictio,
565 933 636 997 non'
649 924 813 998 habeatur
837 940 1104 1011 sacramentum,
1124 923 1186 997 sed
1203 949 1275 996 ma-

159 1068 218 1115 rus
244 1057 434 1115 contractus
460 1040 531 1115 sive
556 1040 737 1130 naturalis,
758 1040 831 1113 sive
855 1039 977 1114 ciuilis.
998 1038 1108 1138 Atque
1132 1038 1198 1112 hoc
1221 1054 1275 1111 est

159 1157 249 1255 quod
274 1155 444 1230 contendit
468 1155 599 1243 Canus;
629 1156 787 1228 nimirum
810 1155 875 1227 hac
901 1155 937 1225 in
963 1153 1142 1254 hypothesi
1169 1152 1275 1226 habe-

159 1287 250 1344 retur
274 1271 410 1370 quidem
435 1287 641 1357 contractus,
669 1286 703 1343 at
728 1285 975 1344 sacramentum
1000 1295 1067 1342 non
1092 1271 1190 1356 item,
1214 1269 1275 1342 de·

159 1385 291 1459 ficiente
316 1386 389 1459 eius
415 1387 569 1460 ministro
594 1403 627 1460 et
651 1387 770 1459 lorma.

232 1501 478 1574 Praemittimus
502 1504 535 1573 2.
553 1529 620 1574 non
639 1527 715 1575 esse
733 1499 968 1600 permiscenda
985 1498 1052 1572 duo
1069 1498 1167 1584 haec,
1182 1497 1275 1572 vide

159 1615 248 1704 licet,
268 1643 369 1755 passe
387 1616 572 1691 subsistere
589 1616 856 1702 matrimonium,
881 1641 941 1688 seu
966 1630 1173 1688 contractum
1198 1615 1274 1687 sine

161 1749 390 1819 sacramento3
412 1749 445 1805 et
466 1758 569 1832 posse
594 1731 781 1805 subsistere
806 1746 1051 1804 sacramentum
1076 1729 1275 1803 distinctum

160 1863 383 1920 acontractu.
409 1848 493 1919 Nam
514 1845 660 1946 primum
685 1837 806 1919 salsum
831 1844 969 1944 quidem
995 1859 1064 1933 est,
1092 1869 1134 1916 ex
1158 1861 1275 1917 nostra

160 1961 332 2049 doctrina,
361 1978 396 2034 at
420 1986 460 2034 ex
484 1961 752 2035 adversariorum
778 1958 944 2034 sententia
967 1959 1142 2045 dimanat;
1171 1957 1275 2058 idque

159 2077 298 2175 contigit
314 2093 347 2149 et
363 2076 580 2174 contingit'in
599 2076 756 2149 omnibus
780 2075 946 2173 coniugiis
971 2073 1210 2162 clandestinis,
1240 2071 1278 2145 in

159 2191 317 2265 omnibus
343 2186 510 2290 coniugiis
536 2192 698 2264 renitente
715 2190 882 2296 parocho,
904 2206 962 2262 aut
977 2215 1089 2263 coram
1107 2177 1277 2262 haeretico

158 2304 312 2380 ministro
337 2305 531 2394 celebratis,
556 2322 614 2378 aut
637 2304 859 2378 celebrandis.
881 2305 920 2376 ln
937 2303 992 2376 his
1009 2303 1101 2377 enim
1117 2303 1275 2378 omnibus

160 2417 277 2494 aliisve
302 2419 471 2494 similibus
494 2419 631 2494 casibus
657 2419 837 2492 haberetur
860 2419 952 2492 iuxta
976 2443 1050 2492 eam
1075 2417 1276 2492 sententiam

159 2549 350 2608 contractus
369 2534 479 2607 civilis
498 2530 573 2607 sina
592 2549 813 2608 sacramento.
829 2533 977 2607 Alterum
994 2558 1074 2607 vero
1090 2559 1158 2607 non
1175 2531 1276 2606 modo

159 2664 211 2722 est
226 2643 373 2737 ¹falsum,
393 2651 454 2723 sed
471 2674 582 2749 neque
606 2649 755 2748 legitime
772 2649 1098 2723 ex'adversariorum
1123 2647 1277 2722 doctrina

158 2762 327 2861 dimanat,
356 2780 455 2863 prout
478 2791 556 2838 rnox
580 2763 809 2839 ostendemus.
1065 2754 1068 2758 ’

229 2880 477 2954 Praemittimus
504 2883 537 2952 3.
559 2881 772 2953 enunciatam
789 2881 973 2954 doctrinam
991 2907 1011 2953 a
1029 2879 1128 2953 nobis
1145 2879 1275 2952 adstrui

156 2993 319 3069 adversus
344 3021 423 3082 eos,
452 2997 512 3096 qui
538 2987 621 3069 Cani
646 2997 811 3069 sententia
835 2996 1030 3083 abutuntur,
1060 2996 1108 3069 uti
1133 2995 1202 3068 iam
1227 2995 1276 3066 in·

156 3110 311 3198 nuimus,
340 3137 439 3185 secus
452 3137 497 3184 ac
514 3112 588 3211 ipse
614 3126 672 3184 aut
698 3111 918 3199 intellexerit,
940 3128 999 3184 aut
1014 3110 1168 3185 voluerit.
1189 3111 1275 3184 Nam

69 3297 71 3300 ,
157 3225 270 3300 Canus
289 3228 425 3326 quidem
442 3227 692 3302 distinctionem
710 3228 797 3300 inter
813 3243 1018 3300 contractum
1035 3242 1068 3299 et
1085 3211 1276 3300 sacramen·

155 3354 225 3412 tum
245 3339 412 3437 adstruxit
428 3341 463 3412 in
481 3340 664 3439 coniugiis,
694 3367 782 3440 quae
807 3340 936 3439 absque
960 3340 1146 3414 sacerdotis
1171 3340 1275 3414 bene-

156 3453 303 3529 dictione
315 3441 593 3544 'celebrarentun
614 3483 798 3556 numquam
819 3471 930 3529 tamen
947 3482 1022 3528 eam
1039 3440 1197 3544 admisit,
1217 3471 1276 3530 aut

156 3569 340 3645 insinuavit
364 3572 501 3671 quidem
527 3598 603 3645 cum
629 3587 783 3670 ageretur
804 3572 847 3644 da
872 3571 1050 3645 connubiis
1076 3597 1138 3670 per
1166 3597 1275 3644 sacer·

156 3684 244 3761 dotis
265 3684 530 3759 benedictionem
548 3687 779 3760 sanctificatis.
801 3685 923 3759 Contra
939 3712 1018 3759 vero
1030 3685 1092 3772 illi,
1109 3711 1196 3784 quos
1210 3686 1274 3756 im-

115 3885 117 3888 ,
156 3823 358 3898 pugnamus,
372 3817 473 3900 atque
485 3799 520 3872 in
533 3801 589 3873 his
601 3801 797 3874 nominatim
816 3801 863 3873 lo.
878 3802 1132 3899 Nepomucenus
1146 3801 1269 3899 Nuytz,

157 3913 257 3986 etiam
275 3914 311 3986 in
328 3914 383 3987 his
401 3915 565 4013 coniugiis
584 3914 747 3988 eiusmodi
766 3914 1013 3987 distinctionem
1031 3913 1272 3987 admittendam

154 4054 231 4104 esse
255 4030 471 4104 contendunt.

228 4143 359 4230 Quibus
381 4144 599 4244 praemissis,
628 4132 706 4217 data
731 4146 832 4216 etiam
857 4143 1038 4244 hypothesi
1063 4142 1107 4214 de
1130 4143 1271 4216 veritato

154 4261 356 4348 sententiae,
382 4261 471 4361 quod
498 4262 655 4336 sacerdos
682 4261 834 4334 minister
859 4261 903 4334 sit
928 4257 1127 4333 sacramenti
1154 4258 1268 4332 matri-
