2872 5062
339 407 407 460 car.
421 410 443 460 1.
460 409 500 460 na
526 410 656 461 niuniu.
678 409 790 460 cruris
805 409 941 460 aarum.
959 412 1031 460 mr.
1047 413 1069 462 1.
1196 390 1261 461 tlt

159 531 273 603 &natu
290 530 394 602 civili.
410 529 472 602 Ast
489 530 613 629 optime
637 546 758 603 norunt
783 530 817 601 hi
845 530 1145 630 pseudo—politici,
1174 535 1263 631 quod

157 645 187 716 ai
214 639 413 741 simpliciter
432 661 529 742 prout
555 668 592 716 se
617 642 717 716 habet
742 669 795 716 res
822 643 1004 717 sancienda
1028 645 1163 718 nomine
1188 673 1266 745 pro-

157 757 231 855 prio
244 772 496 857 proponeretur,
510 758 676 830 neminem
689 757 965 856 adstipulatorem
978 759 1263 847 nanciscerentur,

157 869 253 944 titulo
262 870 342 943 hinc
351 871 525 943 immutato
533 872 734 943 matrimonii
744 873 852 944 civilis
861 873 1109 972 perversitatem
1122 874 1266 948 incautis

157 985 349 1088 propinant.
364 987 451 1059 Sanc
473 985 504 1058 si
525 1003 622 1086 prout
639 986 674 1058 in
692 1013 730 1060 se
746 1003 809 1073 est,
830 1003 864 1060 et
880 988 1008 1087 absque
1024 988 1101 1062 lalsi
1118 986 1267 1064 nominis

157 1100 235 1173 luco
259 1100 311 1173 lex
335 1101 374 1173 de
399 1102 612 1200 fornicatione
639 1103 739 1200 lupuli
762 1103 975 1201 probaretur,
996 1103 1039 1176 ab
1056 1130 1097 1177 ea
1121 1105 1268 1206 populus

156 1213 370 1304 abhorreret,
390 1216 666 1316 legislatoresque
679 1243 772 1304 suos,
793 1217 852 1316 qui
866 1218 972 1317 impio
982 1244 1068 1291 ausu
1086 1219 1121 1290 id
1139 1236 1268 1319 perten-

157 1343 282 1417 tarent,
298 1346 532 1403 execrarentur
543 1331 645 1405 veluti
659 1330 812 1432 publicae
825 1332 1013 1406 honestatis
1027 1332 1156 1406 osores.
1175 1333 1270 1407 Atta-

157 1468 235 1517 men
247 1471 301 1518 res
315 1444 361 1517 ita
373 1460 436 1531 ost3
448 1471 569 1518 nomen
583 1442 786 1519 adscititium
801 1448 848 1519 rei
861 1462 1014 1521 naturam
1023 1475 1089 1522 non
1099 1448 1264 1523 immutat.

230 1559 341 1645 Quum
373 1559 476 1657 igitur
501 1560 559 1659 qui
585 1561 632 1633 ita
656 1557 857 1635 contrabunt
879 1589 956 1636 vere
980 1558 1210 1636 concubinarii
1235 1581 1267 1639 et

156 1673 296 1775 quidem
322 1674 448 1774 publici
466 1675 555 1763 sint,
576 1693 677 1776 atque
697 1677 745 1750 uti
767 1677 851 1752 tales
869 1678 1011 1752 ecclesia
1036 1706 1093 1752 cos
1119 1696 1264 1779 spectet,

157 1789 287 1863 nullum
313 1808 364 1865 est
388 1791 529 1865 dubium
554 1792 648 1891 ipsos
674 1793 709 1864 in
735 1818 792 1866 eas
817 1819 942 1893 poenam
968 1794 1154 1881 incurrere,
1182 1821 1268 1893 quas

158 1905 192 1979 in
219 1906 385 1981 eiusmodi
410 1906 667 1981 concubinarios
691 1908 834 1982 ecclesia
859 1909 975 1982 statuit
1004 1909 1074 1983 sive
1103 1909 1147 1982 ob
1172 1910 1269 1983 habi-

156 2021 281 2094 tnalem
297 2021 433 2096 lethalis
451 2023 579 2122 peccati
606 2039 741 2110 statum,
763 2023 797 2094 in
816 2048 883 2123 quo
900 2023 1036 2110 vivunt,
1058 2019 1128 2098 sive
1145 2024 1188 2098 ob
1206 2051 1269 2124 pu-

156 2135 299 2224 blicum,
328 2138 419 2237 quod
445 2138 487 2211 dc
513 2164 551 2212 se
575 2137 735 2237 praebent
756 2137 952 2210 scandalum
978 2139 1013 2209 in
1039 2164 1172 2235 gravem
1197 2139 1270 2211 ani·
1318 2185 1321 2192 -

156 2277 287 2325 marum
298 2253 493 2353 perniciem.
503 2253 626 2353 lleipsa
638 2252 681 2325 ab
693 2253 942 2352 antiquissimis
956 2253 1158 2352 temporibus
1172 2252 1271 2354 plura

157 2381 227 2438 tum
243 2366 461 2466 particularia
478 2383 549 2440 tum
566 2366 733 2464 generalia
758 2364 900 2440 concilia
923 2366 1034 2439 varias
1060 2392 1185 2466 poenas
1208 2366 1269 2440 ad-

156 2508 275 2556 versus
301 2484 467 2558 eiusmodi
492 2483 647 2557 homines
671 2484 889 2556 decreverunt
911 2485 999 2578 (10).
1025 2485 1074 2557 No
1091 2508 1170 2558 vero
1196 2483 1269 2557 lon-

157 2596 266 2695 giores
292 2599 399 2672 simus
425 2599 460 2672 in
484 2599 540 2672 his
565 2599 758 2686 afferendis,
787 2599 869 2671 satis
887 2598 951 2672 erit
966 2590 1156 2673 describere
1182 2626 1270 2698 quae

158 2738 179 2785 a
203 2712 335 2786 duobus
360 2714 583 2787 oecumenicis
605 2713 758 2787 conciliis
784 2713 963 2788 constituta
988 2731 1078 2803 sunt,
1105 2740 1225 2815 nempe
1249 2741 1268 2787 a

158 2827 302 2901 concilio
326 2827 530 2923 lateranensi
553 2830 591 2900 V.
612 2847 646 2901 et
664 2828 855 2902 tridentino.

233 2941 418 3018 Concilium
435 2941 549 3043 itaque
566 2942 776 3017 lateranense
793 2944 841 3016 ita
858 2945 986 3016 sanxit:
1005 2943 1270 3016 «Concubinarii

156 3072 288 3148 autem,
310 3060 382 3134 aive
398 3059 492 3146 laici,
513 3059 585 3133 sive
602 3058 713 3131 clerici
730 3044 866 3146 luerint,
887 3059 1079 3132 eorumdem
1104 3085 1268 3131 canonum

158 3174 277 3274 poenis
310 3174 528 3262 mulctentur,
557 3199 666 3273 neque
691 3174 903 3272 superiorum
937 3172 1134 3260 tolerantia,
1165 3199 1270 3273 prava

158 3289 384 3377 consuetudo,
413 3315 500 3389 quae
520 3288 633 3388 potius
658 3287 847 3386 corruptela
871 3287 1014 3360 dicenda
1031 3303 1099 3374 est,
1120 3286 1271 3360 amulti-

158 3404 275 3478 tudine
300 3404 535 3504 peccantium,
564 3403 672 3483 aliave
692 3401 862 3502 quaelibet
885 3403 1055 3476 excusatio
1079 3402 1130 3476 eis
1155 3402 1275 3502 aliquo

158 3520 259 3594 modo
292 3520 515 3618 suffragetur,
545 3519 605 3593 sed
631 3517 724 3593 iuxta
748 3506 832 3591 iuris
857 3542 1034 3592 censuram
1059 3543 1175 3593 severe
1208 3545 1273 3617 pu·

158 3637 295 3710 niantur
311 3638 426 3732 (11).»

229 3888 282 3952 (tu)
297 3886 531 3939 concatenata.
542 3899 596 3952 cap.
608 3894 647 3938 ta.
657 3887 751 3937 conell.
760 3885 928 3936 aurelianense
935 3886 980 3945 ΙΙΙ,
989 3897 1044 3948 cap.
1052 3892 1075 3936 9.
1085 3883 1180 3936 concil.
1188 3885 1270 3934 turon.

159 3971 200 4020 Ν.
212 3981 268 4034 cap.
279 3974 317 4020 tu.
327 3970 404 4023 conc.
412 3968 552 4020 triburiam.
563 3971 584 4019 1.
597 3972 696 4032 captu.
705 3967 800 4018 concil.
808 3980 872 4017 rom.
883 3965 930 4017 sub
941 3965 1042 4017 Nicolac
1051 3967 1094 4015 111.
1105 3978 1160 4028 rap.
1173 3972 1195 4014 2.
1207 3967 1271 4016 con·
1285 3975 1287 3985 ·

157 4049 197 4099 til.
208 4049 342 4100 mediolan.
354 4052 386 4100 11.
396 4049 437 4099 ot.
449 4056 471 4100 1.
479 4050 582 4099 Decrcto
594 4055 631 4098 29.
643 4047 737 4098 eoncil.
750 4047 895 4098 lateranens.
903 4049 934 4096 V.
943 4059 1001 4096 scas.
1011 4052 1034 4096 a.
1044 4045 1071 4094 in
1079 4043 1269 4106 saranescum.

160 4119 261 4189 cunae,
273 4129 299 4179 et
310 4141 340 4179 ex
355 4127 514 4193 captantia
524 4135 548 4178 a.
561 4128 620 4178 diat.
633 4135 672 4178 aa.
684 4141 738 4191 cap.
751 4126 917 4178 concubinae
928 4127 1008 4176 causa
1024 4124 1122 4174 xxxll.
1139 4125 1234 4185 quaeat.
1247 4131 1270 4174 2.

160 4220 210 4272 ων.
225 4210 309 4261 Nemo
324 4212 347 4261 t.
359 4210 420 4272 cap.
431 4210 510 4260 nnat
521 4215 544 4259 9.
556 4208 852 4270 contaminamus.
865 4210 889 4257 4.
902 4208 962 4269 Gap.
978 4207 1045 4255 cum
1057 4197 1221 4259 directaneo.
1232 4203 1274 4254 Dr

163 4287 381 4339 uccmcttcntbus.
391 4288 452 4351 cap.
461 4289 489 4337 Si
500 4286 660 4337 concubinae
673 4293 711 4336 55.
723 4289 762 4337 De
773 4287 884 4347 sentent.
895 4295 1058 4335 excommun.

231 4366 283 4432 (ιι)
298 4370 358 4420 Lon.
368 4366 411 4418 cr’t.
422 4366 607 4432 apadflarduin
615 4368 681 4418 Actu
691 4365 785 4418 conca.
795 4367 858 4416 torn.
867 4366 910 4415 lx.
921 4365 969 4416 ccl.
981 4367 1049 4416 tras.
1201 4441 1222 4486 ,ἡ
