2872 5062
162 379 570 441 connumerassent
584 377 751 430 musmo.
764 377 1066 438 sarstono-nmo.
1120 354 1185 438 121

89 498 279 599 pliciritu,
307 497 366 597 qui
392 497 427 569 in
452 496 555 571 variis
580 493 1033 592 ecclesiis,seuprovinciis·
1051 494 1193 577 obtinuit

91 639 130 686 ac
154 611 298 700 obtinet,
326 624 444 711 postea
467 612 684 683 disseremus.

162 728 212 799 Ex
237 725 301 798 hac
325 726 474 800 omnium
492 740 526 799 et
542 723 750 822 singulorum
767 724 1038 797 documentorum
1062 724 1194 798 discus·

91 844 201 929 sione,
229 867 317 941 quae
341 841 386 915 ab
410 841 512 914 huius
538 840 722 918 sententiae
739 840 900 940 patronis,
921 866 961 912 er
978 839 1142 939 patribus,
1163 857 1195 914 et

92 986 131 1032 ex
144 957 342 1057 antiquitate
358 956 585 1031 ecclesiastica
601 957 832 1055 proferuntur,
853 981 994 1054 pronum
1006 970 1058 1030 est
1074 955 1195 1029 inferre

92 1073 220 1146 nullum
241 1098 379 1171 prorsus
406 1071 561 1170 reperiri,
582 1072 672 1170 quod
689 1070 770 1143 hnic
789 1070 912 1169 placito
929 1068 1192 1156 fundamentum,

92 1202 150 1260 aut
174 1185 363 1260 subsidium
389 1185 562 1284 praebeat,
584 1184 800 1284 immc‘plura
817 1209 894 1258 esse
910 1209 998 1282 quae
1013 1199 1073 1257 aut
1088 1182 1195 1255 eidem

94 1298 192 1398 plane
213 1298 448 1392 adversentur,
468 1316 526 1375 aut
542 1323 631 1398 quae
654 1298 696 1372 de
720 1296 787 1372 alia
811 1296 946 1372 omnino
964 1324 999 1371 re
1016 1297 1084 1372 sint
1100 1297 1198 1371 intel-

94 1413 238 1512 liganda.

508 1611 712 1668 ARTICULUS
732 1611 782 1667 ΙΙΙ.

463 1800 643 1879 Argumenta
654 1801 825 1879 theologica.

165 1998 238 2070 Non
264 2011 315 2070 est
338 1995 428 2095 quod
445 1995 488 2069 iis
506 1995 735 2082 immoremur,
757 1994 882 2094 quibus
899 1994 1012 2069 Canus
1028 1993 1094 2068 sibi
1111 1995 1199 2068 riam

97 2127 190 2212 parat
205 2111 250 2185 ad
266 2136 362 2185 suam
387 2109 622 2185 adstruendam
649 2109 866 2196 sententiam;
892 2134 989 2182 nemo
1013 2109 1102 2184 enim
1125 2135 1201 2183 um·

98 2252 197 2326 quam
221 2225 264 2299 de
289 2225 356 2300 fide
379 2250 456 2299 esse
480 2225 658 2299 affirmavit
682 2224 930 2299 matrimonium
947 2224 1021 2297 sine
1041 2223 1201 2298 ecclesiae

43 2379 46 2385 ·
98 2341 248 2416 ministro
263 2353 469 2414 contractum
482 2365 559 2413 vere
572 2355 605 2412 et
617 2338 751 2437 proprie
766 2363 842 2411 esse
860 2352 1128 2426 sacramentum,
1140 2363 1202 2415 seu

98 2456 185 2556 quod
210 2456 299 2530 idem
325 2472 395 2543 est,
427 2455 660 2530 contrahentes
685 2480 761 2528 esse
786 2454 887 2527 huius
913 2454 1111 2529 sacramenti
1140 2453 1203 2526 mi·

98 2572 232 2645 nistros.
254 2573 337 2645 Nom
355 2571 385 2644 si
402 2572 445 2645 de
462 2570 529 2645 fide
546 2571 683 2658 fuisset,
712 2571 785 2670 ipse
810 2570 957 2669 profecto
979 2595 1056 2656 eam
1080 2569 1203 2644 doctri-

98 2713 174 2760 nam
191 2712 373 2786 numquam
390 2686 526 2760 adortus
544 2686 683 2774 suisset,
705 2713 814 2786 neque
831 2685 988 2760 scamilli
1002 2685 1204 2765 substituere

100 2818 329 2900 pertentasset.
356 2801 496 2876 Abunde
525 2802 622 2876 nobis
647 2803 772 2877 sufficit
796 2829 869 2878 cam
895 2820 1019 2877 certam
1051 2803 1204 2902 explosae

101 2933 235 3018 tamque
258 2944 362 3018 penes
388 2945 505 2993 omnes
529 2919 573 2992 ad
591 2918 719 2992 Canum
744 2945 853 3018 usque
878 2919 1047 3006 extitisse,
1067 2918 1146 2993 licet
1161 2920 1204 2993 de

100 3033 165 3107 fide
181 3059 248 3108 non
265 3050 365 3108 esset.
379 3032 453 3120 Quo
470 3017 637 3133 praeiacto
653 3033 886 3122 fundamento,
902 3060 992 3108 nunc
1010 3033 1209 3131 singillatim.

100 3163 168 3222 tum
194 3174 281 3248 quae
305 3147 417 3222 Canus
442 3149 536 3247 prius
561 3147 747 3246 theologica
777 3163 972 3246 argumenta
1004 3148 1129 3223 invexit
1160 3148 1211 3223 ad=

100 3278 265 3363 receptam
290 3262 452 3337 hactenus
477 3261 662 3335 doctrinam
687 3261 938 3337 concutiendam
962 3279 995 3336 et
1015 3260 1059 3336 ad
1085 3288 1205 3338 noram

100 3377 308 3452 suadendam
340 3377 693 3477 persuadendamque,
727 3403 990 3476 persequemur,
1020 3394 1089 3451 tum
1118 3403 1206 3475 quae

100 3492 315 3593 insequentes
340 3490 485 3590 theologi
511 3493 545 3564 in
571 3492 725 3566 eumdem
752 3492 851 3565 finem
877 3493 1082 3567 adiecerunt.

169 3608 218 3681 Ac
235 3607 344 3707 primo
360 3606 504 3705 gratuito
526 3608 661 3682 omnino
686 3610 828 3682 assumit
844 3609 955 3684 Canus
973 3625 1126 3684 mutuum
1142 3609 1204 3683 viri
1232 3675 1234 3681 .

100 3723 331 3824 foeminaeque
357 3749 578 3811 consensum,
608 3750 686 3812 seu,
714 3740 752 3797 ut
776 3725 850 3824 ipse
879 3725 1043 3825 loquitur,
1068 3726 1206 3824 prosette.

100 3854 306 3913 contractum
339 3839 585 3915 matrimonium
611 3866 779 3914 essenon
806 3867 906 3940 posse
931 3842 1065 3938 signum
1090 3839 1207 3914 efficax

100 3953 244 4050 gratiam
265 3953 330 4028 hoc
348 3955 423 4054 ipso
444 3955 536 4030 enim
561 3955 651 4055 quod
669 3956 824 4030 Christus
849 3956 1033 4032 naturalem
1060 3954 1205 4051 coniugii

101 4084 305 4142 contractum
331 4069 372 4143 ad
398 4071 595 4145 sacramenti
621 4070 816 4168 dignitatem
842 4071 949 4144 evexit
973 4098 1033 4170 per
1054 4069 1207 4143 adiectio

103 4208 177 4256 nem
205 4186 352 4282 gratiae,
381 4201 472 4286 patet
504 4186 616 4286 ipsum
642 4213 763 4286 perse
789 4186 1060 4284 reverasignum
1089 4185 1206 4259 efficax

102 4299 229 4395 gratiae
245 4327 332 4374 esse.
348 4301 505 4402 Adeoque
530 4302 663 4400 signum
687 4302 752 4376 hoc
777 4303 905 4402 absque
930 4300 998 4376 ullo
1024 4300 1206 4377 sacerdotis
