2872 5062
249 400 318 452 Ghl’.
336 400 378 450 rt.
394 399 435 448 itit
451 399 571 450 raedh.
586 398 644 450 PRO
663 398 742 448 thes
759 398 799 447 hh
817 399 911 448 mitt.
931 399 994 448 ΟΝ.
1016 400 1086 448 All'l'.
1104 400 1126 448 1.
1200 377 1266 446 339

157 518 381 617 gubernandi,
394 518 447 589 cui
466 517 575 591 innuit
592 533 714 604 orator,
731 542 771 590 ea
788 532 849 604 est,
864 542 965 615 quarn
978 517 1013 587 in
1026 532 1145 590 senatu
1158 518 1269 615 regius

158 634 316 716 minister
332 633 527 732 proposuit:
542 633 627 705 «Per
638 632 727 704 banc
744 624 850 728 legem
865 631 932 705 duo
948 657 1069 729 magno
1087 631 1266 731 principia,

158 749 289 849 inquit,
319 749 353 819 in
379 763 490 820 actum
515 745 747 833 deducentur3
777 746 931 832 alterum,
952 746 1043 845 quod
1068 746 1269 843 gubernium

159 864 235 938 sine
260 863 330 936 ulla
354 888 493 962 prorsus
518 863 714 962 exceptione
730 861 773 935 de
791 860 948 935 omnibus
966 862 1097 935 actibus
1114 862 1269 936 civilibus

157 979 250 1076 leges
275 978 362 1051 ferre
387 977 524 1064 debeat;
553 977 717 1064 alterum,
746 976 971 1050 conscientiae
1004 974 1141 1050 libertas
1176 981 1266 1074 (5).»

157 1093 202 1168 At
217 1093 262 1166 de
279 1092 410 1167 duobus
427 1093 523 1166 hisce
539 1097 669 1190 magnis
690 1093 867 1192 principiis
889 1119 965 1165 mox
983 1091 1079 1190 plura
1102 1093 1266 1166 dicemus,

231 1210 368 1282 Interim
395 1208 561 1308 reliquum
589 1224 660 1294 est,
689 1223 726 1281 ut
749 1208 861 1280 velum
885 1207 1102 1281 detrahamus
1128 1208 1172 1280 ab
1196 1209 1265 1295 iis,

157 1349 247 1423 quae
271 1349 331 1423 per
356 1319 482 1397 novam
501 1322 607 1420 legem
633 1322 844 1396 decernenda
862 1339 1114 1422 proponuntur,
1135 1323 1195 1397 sed
1212 1350 1270 1398 ve-

157 1438 219 1512 luti
242 1454 332 1512 tecta
356 1465 397 1512 ac
419 1436 586 1512 obvoluta.

161 1582 162 1587 ¹
233 1555 381 1627 Primum
410 1570 479 1639 est,
509 1553 600 1652 quod
625 1578 691 1627 non
717 1554 848 1653 possint
873 1554 948 1638 frui
964 1553 1139 1628 effectibus
1165 1554 1270 1630 cirili-

161 1669 249 1758 bus,
277 1694 418 1769 quorum
443 1684 631 1742 contractus
657 1668 782 1742 relatus
809 1669 941 1742 nonsit
965 1669 1000 1741 in
1026 1668 1157 1743 tabulas
1180 1687 1270 1745 acto·

160 1811 235 1858 rum
257 1784 419 1858 civilium.
442 1783 546 1869 Quasi
568 1809 690 1882 nempe
708 1811 774 1857 non
792 1782 859 1856 alia
884 1784 983 1856 fuerit
1008 1785 1092 1858 ratio
1116 1786 1270 1883 exigendi

159 1899 412 1997 inscriptionem
426 1899 572 1995 coniugii
586 1899 621 1970 in
634 1897 782 1997 publicis
800 1897 940 1985 tabulis,
957 1924 1058 1998 quam
1077 1901 1267 1987 statuendo,

158 2031 197 2088 ut
218 2039 335 2089 verum
361 2011 578 2113 contrahatur
600 2012 792 2108 coniugium
817 2010 1035 2112 validumque
1059 2040 1172 2088 coram
1196 2015 1270 2089 solo

158 2130 356 2226 magistratu
381 2127 485 2201 civili.
506 2128 568 2200 Hic
589 2152 657 2200 non
675 2144 728 2200 est
744 2127 813 2199 nisi
838 2127 971 2224 fucatus
994 2145 1197 2228 praetentus.
1219 2131 1271 2202 Si-

158 2246 297 2346 quidem
318 2244 471 2344 pluribus
497 2242 573 2316 aliis
595 2242 722 2328 medie,
751 2267 854 2341 quam
880 2268 940 2342 per
964 2241 1071 2340 legem
1092 2243 1135 2316 de
1155 2246 1271 2318 matri·

158 2361 273 2435 monio
290 2358 381 2433 civili
398 2359 563 2458 potuisset
582 2358 667 2431 haec
692 2358 868 2456 inscriptio
887 2356 1041 2431 obtineri.
1064 2358 1148 2432 Nam
1167 2362 1269 2434 statui

159 2491 306 2576 poterat,
322 2491 371 2562 ut,
382 2489 515 2573 practer
532 2489 643 2547 actum
660 2473 867 2570 religiosum,
881 2474 953 2547 sive
971 2490 1070 2548 antea
1088 2476 1161 2550 sive
1177 2493 1266 2578 post,

159 2605 351 2665 contractus
382 2589 577 2685 coniugales
604 2597 729 2662 omnes
747 2588 1010 2663 inscriberentur
1039 2590 1135 2678 libris
1160 2593 1270 2667 civilis

160 2707 396 2805 magistratus,
425 2723 524 2805 prout
548 2704 717 2779 nonnullis
740 2707 774 2776 in
800 2704 883 2779 locis
905 2706 1050 2795 obtinet,
1072 2711 1269 2806 praesertim

161 2823 197 2893 in
223 2821 340 2896 codice
365 2819 579 2918 neapolitano
616 2823 680 2915 (t).
709 2821 841 2894 Poterat
854 2820 1036 2919 ‚provideri
1061 2821 1270 2898 decernendo

160 2936 321 3024 multam,
342 2951 400 3009 aut
416 2961 559 3034 poenam
581 2951 696 3009 contra
716 2961 791 3022 eos,
811 2936 870 3035 qui
889 2936 1055 3009 eiusmodi
1080 2937 1272 3037 inscriptio-

160 3078 239 3126 nem
253 3051 482 3149 negligerent.
512 3053 644 3124 Poterat
667 3051 847 3138 constitui,
870 3067 993 3124 utnon
1020 3052 1206 3125 fruerentur
1222 3054 1272 3126 ef-

160 3167 305 3242 fectibus
337 3166 512 3266 civilibus,
537 3166 605 3264 'qui
636 3164 837 3238 simultanee
864 3167 997 3265 utrique
1028 3166 1206 3264 religiosae
1230 3195 1270 3244 ac

160 3283 252 3358 civili
284 3282 479 3385 obligationi
498 3305 571 3355 ‘non
597 3282 847 3369 satisfacerent,
886 3283 1144 3382 praecipiendo,
1172 3301 1209 3360 ut
1234 3287 1273 3360 fit

235 3555 270 3616 (5)
286 3556 380 3604 senato
394 3552 438 3604 det
448 3566 536 3618 regno.
545 3555 651 3604 Tornata
660 3553 699 3604 del
714 3561 750 3604 16.
763 3551 874 3604 Dicemh.
889 3561 955 3604 1851.
967 3567 1021 3618 pag.
1037 3560 1131 3606 tta-90.

232 3634 268 3697 (o)
283 3635 321 3684 ita
334 3634 435 3697 quidem
448 3635 474 3684 in
487 3635 613 3685 nonnullis
622 3634 761 3698 regionibus
772 3636 933 3697 cauhrmett,
943 3635 1161 3699 praeordinare,
1170 3637 1199 3685 ut
1208 3634 1270 3685 dixi·

160 3726 230 3776 mus,
241 3712 267 3763 in
277 3726 352 3775 regno
361 3714 532 3777 neapolitano;
543 3715 651 3763 alumen
662 3713 730 3763 istud
742 3714 841 3764 sistente
853 3715 879 3762 in
889 3714 960 3784 prasi
971 3727 1015 3764 nec
1025 3715 1110 3778 paucis
1121 3727 1167 3765 nec
1176 3713 1272 3765 levibus

160 3792 325 3844 incommodis
336 3792 470 3844 obnoxium
477 3793 674 3857 deprehenditur.
686 3797 750 3844 cum
762 3795 828 3844 enim
837 3795 957 3865 statutum
968 3794 1077 3845 fueritin
1088 3793 1174 3844 codice
1183 3807 1271 3857 neapo·

157 3873 236 3924 titano
247 3873 293 3922 suh
303 3874 454 3937 gravissimis
463 3875 548 3937 poenis
554 3912 562 3938 ‚
573 3877 600 3924 ut
609 3875 710 3938 parochi
723 3887 773 3924 non
784 3875 887 3936 iungant
897 3875 1028 3938 coniugia,
1040 3874 1087 3924 nisi
1097 3874 1166 3938 prius
1176 3877 1271 3926 contra·

160 3955 248 4004 hentcs
258 3955 389 4004 exhibeant
398 3955 566 4005 testimonium
576 3957 733 4018 magistratus
746 3955 841 4018 civilis3
853 3968 981 4018 quumque
993 3968 1065 4005 casus
1075 3954 1225 4018 quandoque
1232 3968 1272 4004 oc·

159 4038 270 4098 currant,
278 4035 305 4084 in
316 4034 408 4099 quihus
417 4037 518 4098 parochi
527 4050 556 4087 ex
567 4037 715 4087 conscientia
725 4038 841 4087 tenemur
850 4036 1007 4085 matrimonia
1014 4035 1272 4099 iungere‚magistratu

158 4127 261 4178 prorsus
271 4115 307 4164 rei
318 4115 411 4173 inscio,
421 4115 479 4166 inde
488 4115 529 4179 fit,
538 4119 567 4166 ut
574 4117 745 4167 vexationibus
755 4129 803 4166 non
813 4116 923 4165 minimis
934 4115 1059 4166 subiacere
1067 4115 1179 4166 debeam.
1190 4117 1271 4166 Huius

158 4194 253 4246 codicis
262 4195 408 4258 articulum,
421 4197 464 4259 qui
475 4196 525 4246 huc
534 4197 650 4260 refertur,
661 4197 734 4260 paulo
746 4199 802 4260 post
810 4195 985 4246 describemus.
997 4197 1050 4244 Hac
1060 4196 1134 4245 etiarn
1144 4195 1176 4246 de
1187 4208 1271 4259 musa,

160 4276 191 4325 ut
198 4275 270 4325 antea
280 4274 461 4339 adnotavimus,
470 4277 613 4327 mutinensis
624 4277 674 4326 dux
683 4276 804 4328 eiusmodi
814 4276 1030 4341 praescriptionem
1038 4277 1195 4338 temperarit,
1203 4278 1228 4328 et
1235 4278 1272 4327 stc

162 4352 223 4404 dnm
235 4353 331 4405 obtinet
349 4355 439 4419 hncnr,
451 4355 607 4408 incommoda
618 4358 701 4407 omnia
711 4356 819 4407 sustulit.

1177 4437 1199 4480 a
