2872 5062
238 359 305 432 ato
429 381 489 430 nu.
512 380 534 428 ι,
556 377 642 429 sacr.
666 377 795 427 strena.
817 375 857 426 ne
882 376 1015 428 numm.
1036 375 1144 427 cmm.

234 496 409 594 indnglia,
421 513 459 569 ut
470 495 580 568 civilis
595 496 812 591 magistratus
838 493 973 566 adesset
991 494 1079 566 actui
1103 492 1262 590 religioso
1277 498 1343 591 (l).

235 617 386 698 Poterat,
413 628 451 685 ut
474 610 576 684 verbo
603 611 734 697 dicam,
764 610 917 709 pluribus
943 609 1022 683 aliis
1049 610 1160 683 modis
1185 612 1343 703 occurri,

235 729 265 802 si
290 729 347 801 hic
373 753 487 800 reuera
512 725 597 822 legis
625 725 704 798 finis
730 726 948 822 praestitutus
975 724 1107 798 luisset.

305 844 425 917 Verum
441 842 540 916 valde
558 843 620 915 luit
636 842 811 914 diversus:
833 840 968 914 nonnisi
987 856 1214 938 tegumentum
1226 840 1290 915 luit
1303 844 1347 915 ad

233 959 467 1034 involvendam
489 959 661 1044 malitiam,
682 983 771 1058 quae
786 958 877 1030 intus
894 955 1031 1029 latebat.
1048 956 1253 1054 Praecipuus
1277 983 1348 1031 sco

233 1101 298 1173 pus
310 1090 382 1148 erat
393 1101 460 1148 non
472 1074 573 1147 modo
589 1089 698 1148 actum
713 1072 874 1146 civilema
884 1072 1040 1168 religioso
1053 1072 1262 1171 discerpere;
1279 1099 1346 1147 non

233 1190 333 1263 modo
345 1191 499 1263 dividere
509 1205 716 1264 contractum
730 1188 861 1261 civilem
879 1189 1073 1285 nuptiarum
1085 1214 1107 1260 a
1119 1205 1343 1275 sacramento;

232 1331 348 1377 verum
374 1306 475 1378 etiam
501 1306 600 1378 tacite
626 1306 803 1377 insinuare
825 1319 926 1377 totam
952 1303 1100 1400 coniugii
1121 1304 1285 1377 rationem
1311 1305 1345 1376 in

233 1418 305 1501 solo
330 1434 500 1493 contractu
524 1420 619 1493 civili
646 1420 835 1518 adaequate
859 1419 1062 1505 consistere,
1083 1442 1124 1489 ac
1140 1408 1345 1518 persuadere

233 1534 416 1606 essentiam
451 1532 598 1629 coniugii
631 1533 677 1604 ita
707 1534 864 1607 constitui
896 1532 1125 1632 complerique
1149 1560 1210 1631 per
1235 1533 1345 1609 solum

232 1664 438 1723 contractum
464 1648 598 1721 civilem
614 1705 622 1734 ,
642 1664 680 1721 ut
697 1663 963 1736 sacramentum,
985 1675 1046 1722 seu
1062 1664 1100 1720 ut
1116 1648 1184 1747 ipsi
1200 1648 1346 1750 loquun-

233 1778 308 1848 tur,
337 1778 432 1836 actus
457 1778 515 1835 aut
539 1762 624 1835 ritus
650 1762 827 1858 religiosus
845 1789 912 1835 non
929 1763 975 1835 sit
992 1763 1059 1836 nisi
1081 1763 1164 1862 quid
1191 1764 1346 1837 acciden-

233 1878 321 1965 tale,
350 1905 390 1951 ac
416 1878 656 1977 superveniens
690 1878 778 1951 actui
815 1878 882 1950 iam
908 1879 943 1950 in
968 1904 1030 1951 suo
1054 1905 1132 1953 esse
1156 1880 1341 1979 completo,

233 1995 388 2094 adeoque
413 1995 542 2093 possit,
563 1993 722 2067 incolumi
748 1995 825 2092 ipsa
846 2019 897 2080 re,
918 1994 1040 2067 adesse
1056 2011 1115 2068 aut
1132 1995 1266 2071 abesse.

306 2111 420 2187 Talem
446 2137 567 2210 nempe
591 2111 699 2184 luisse
716 2136 855 2208 scopum
881 2110 984 2185 huius
1001 2110 1086 2208 logis
1104 2113 1345 2211 proponendae

232 2243 346 2326 aperte
374 2227 480 2327 liquet
505 2254 546 2300 ex
571 2227 675 2300 altero
700 2227 830 2326 capite,
859 2227 949 2326 quod
975 2227 1195 2300 sanciendum
1221 2255 1344 2329 propo-

231 2345 333 2417 nitur.
363 2345 497 2417 Etenim
523 2344 671 2417 secundo
698 2343 772 2416 loco
794 2342 988 2416 dicebatur:
1018 2345 1054 2415 in
1078 2371 1157 2416 cusu
1181 2371 1246 2442 quo
1268 2373 1344 2419 con·

230 2461 366 2531 secretio
388 2461 543 2559 reliqioeu
568 2461 772 2532 matrimonii
796 2459 884 2531 ltoud
904 2461 1049 2555 potuerit
1074 2460 1177 2532 locum
1202 2461 1339 2548 tatere,

229 2576 472 2646 matrimonium
496 2578 603 2672 ipsum
626 2600 736 2647 corum
759 2575 865 2646 iudice
891 2575 1041 2646 concalui
1059 2579 1192 2673 poterit.
1211 2577 1342 2663 Quibus

232 2690 267 2761 in
286 2689 398 2762 verbis
419 2706 524 2763 totum
546 2690 653 2762 latens
668 2691 763 2763 virus
781 2691 985 2778 continetur,
1007 2690 1268 2793 hypocrisisque
1288 2720 1343 2769 vn-

232 2804 379 2878 lerrima.
397 2806 480 2876 Nam
498 2806 689 2879 decernitur
705 2807 954 2879 matrimonium
973 2806 1107 2906 plenum
1125 2825 1159 2882 et
1174 2809 1341 2908 integrum

230 2920 370 3008 haberi,
392 2947 469 2994 cum
487 2948 598 2995 coram
620 2922 691 2995 solo
713 2923 824 2996 iudice
845 2923 931 2998 laico
958 2925 1165 3011 celebratur,
1194 2924 1282 2999 adeo
1306 2944 1343 2999 ut

230 3038 392 3135 coniuges
411 3037 552 3136 legitimi
571 3039 699 3111 censeri
717 3037 873 3127 debeant,
891 3041 963 3140 qui,
974 3041 1100 3114 omisso
1118 3057 1338 3130 sacramento,

229 3179 432 3226 consensum
466 3181 565 3228 suum
597 3155 740 3229 invicem
772 3180 883 3229 coram
917 3155 1005 3230 laico
1038 3157 1275 3257 praebuerint,
1303 3186 1341 3233 ac

228 3269 410 3343 dummodo
436 3271 520 3367 legis
546 3271 753 3372 praescripto
778 3273 968 3370 paruerint,
990 3288 1060 3346 tuto
1086 3299 1188 3371 posse
1212 3289 1341 3349 contra·

230 3382 348 3457 hentes
384 3385 553 3482 negligere
582 3386 782 3458 sacramenti
809 3387 1081 3485 susceptionem,
1109 3402 1225 3486 utpote
1249 3414 1340 3463 cere·

228 3499 377 3571 moniam
404 3500 498 3598 parvi
524 3499 691 3574 nulliusve
716 3501 888 3574 momenti.

300 3614 420 3687 Verum
442 3616 579 3714 quidem
597 3634 648 3689 est
665 3616 708 3688 ab
725 3641 781 3703 eo,
802 3617 859 3714 qui
879 3616 985 3713 legem
1007 3618 1194 3716 proposuit,
1216 3644 1339 3692 sermo·

228 3755 304 3801 nem
331 3728 403 3802 sieri
426 3726 471 3802 de
490 3755 571 3803 casu
597 3757 665 3830 quo
687 3733 882 3804 consecratio
907 3732 1061 3828 reliqiosc
1087 3731 1175 3805 laud
1195 3735 1339 3831 potuerit

298 4006 333 4069 (7)
348 4009 385 4056 De
403 4020 452 4069 qua
464 4009 547 4057 tamen
563 4009 658 4072 anglica
672 4009 752 4058 torma
767 4010 816 4058 iam
833 4008 1063 4072 animadvertimus,
1079 4009 1103 4059 ei
1121 4009 1201 4060 inesse
1220 4011 1337 4074 pernicio·

226 4098 282 4136 sum
297 4086 462 4150 principium,
484 4087 551 4150 quod
568 4088 673 4138 liberum
693 4088 893 4139 contrahentibus
911 4089 1065 4152 relinquatur
1084 4089 1227 4152 coniugium
1245 4103 1335 4151 suum,

225 4168 299 4229 prout
307 4166 418 4230 libuerit,
429 4165 474 4231 per
484 4171 566 4219 actum
577 4169 719 4231 religiosum
728 4181 883 4233 consecrare,
893 4171 938 4220 aut
946 4169 1072 4220 omitteret
1084 4170 1153 4233 quod
1162 4168 1189 4220 in
1197 4169 1242 4221 illo
1253 4183 1335 4235 regno,

225 4247 294 4310 quod
303 4247 335 4298 ad
345 4248 513 4312 paganismum
527 4248 622 4313 magnis
632 4249 745 4313 passibus
758 4249 869 4313 accedit,
881 4251 972 4301 mirum
982 4264 1033 4301 nou
1043 4252 1092 4315 est;
1104 4252 1143 4302 ast
1151 4251 1178 4301 in
1188 4251 1288 4317 regione
1296 4263 1334 4303 ea·

226 4324 334 4388 thoitus,
345 4327 370 4376 in
380 4340 430 4391 qua
441 4327 488 4378 tide
498 4329 594 4379 tenetur
604 4328 788 4380 matrimonium
797 4342 850 4381 esee
860 4331 1050 4393 sacramentum,
1059 4329 1199 4393 quisieratt
