2872 5062
238 365 307 438 438
429 385 491 438 us.
514 386 537 436 ι.
558 384 645 437 sncr.
666 342 859 436 summor
884 384 1016 435 ιιιιιιιι.
1039 382 1149 436 murti.
1209 408 1212 417 -

235 506 418 599 stinctum,
446 521 516 577 tum
543 503 688 577 filiorum
714 501 887 587 lamrlias,
916 527 1004 602 quae
1028 501 1257 576 obnitentibus
1288 522 1348 579 aut

236 621 354 695 insciis
373 619 570 720 parentibus
594 619 769 691 inirentur.
786 618 836 689 Ex
849 617 904 691 his
918 617 1059 691 alterum
1081 621 1248 693 concessit
1263 645 1348 694 con-

233 737 373 825 cilium,
406 736 546 809 alterum
576 735 766 821 recusarit;
803 732 955 833 quinimo
979 733 1127 808 decrevit
1150 737 1235 833 salso
1261 762 1348 810 non-

235 852 344 926 nullos
370 853 412 951 cs
481 878 537 923 cro
557 852 767 923 matrimonio
783 877 804 921 o
821 852 901 951 filiis
920 851 1069 950 [omiliae
1093 853 1162 923 sinc
1188 873 1345 925 'consenso

228 983 404 1066 parentum
429 978 594 1038 contrecto
618 967 717 1036 irrito
741 991 822 1050 esse,
844 979 874 1037 et
894 981 1047 1063 parentes
1072 992 1112 1038 co
1131 981 1208 1038 roto
1227 968 1280 1038 vel
1297 968 1348 1038 ir-

233 1086 299 1154 rito
325 1085 431 1181 [acere
452 1108 557 1179 posse.

306 1198 388 1270 Cum
415 1197 480 1268 hae
499 1196 706 1297 praemissae
732 1194 801 1267 sint
826 1193 948 1281 falsae,
971 1193 1094 1267 falsum
1115 1219 1251 1294 quoque
1269 1222 1347 1269 con-

232 1339 379 1412 sequens
414 1337 490 1385 esse
526 1336 664 1384 necesse
698 1324 781 1397 est,
821 1310 912 1410 quod
946 1310 981 1380 in
1016 1308 1084 1385 illis
1121 1311 1343 1398 continetur,

233 1426 362 1499 scilicet
388 1452 489 1524 posse
513 1425 684 1526 principes
710 1423 803 1496 illam
833 1439 1032 1523 potestatem
1064 1450 1221 1499 revocare
1252 1426 1344 1498 iuxta

231 1559 417 1642 temporum
443 1541 654 1638 exigentiae,
690 1540 724 1611 in
750 1565 818 1639 quo
843 1540 997 1613 consistit
1021 1539 1106 1613 alter
1125 1566 1219 1614 error
1243 1567 1345 1640 quem

229 1659 427 1732 vocavimus
452 1657 547 1728 ioris⁴
576 1655 748 1755 Principes
774 1655 863 1727 enim
890 1681 1044 1729 revocare
1074 1681 1141 1730 non
1171 1672 1338 1755 possunt,

232 1773 323 1872 quod
346 1798 529 1871 numquam
554 1786 807 1858 concesserunt,
831 1785 888 1842 eut
905 1771 1088 1844 concedere
1106 1787 1264 1871 potuere,
1285 1798 1347 1845 cu·

231 1886 378 1960 iusmodi
404 1912 479 1959 eam
504 1911 581 1958 esse
605 1883 754 1958 vidimus
775 1899 994 1983 potestatem,
1015 1912 1116 1984 quam
1131 1903 1268 1960 senator
1284 1913 1348 1962 no-

231 2019 300 2076 ster
330 2001 453 2073 iisdem
478 2000 607 2072 tribuit.

304 2115 595 2202 Quemadmodum
625 2141 705 2190 vero
722 2108 803 2190 'sub
835 2108 936 2189 linem
968 2117 1225 2232 disceptationis
1260 2144 1346 2192 suae

228 2233 320 2306 idem
346 2249 456 2306 orator
474 2231 618 2304 adiecit:
644 2263 661 2301 κ
677 2223 821 2332 Repeto,
847 2233 880 2303 id
905 2222 1062 2305 iamdiu
1053 2258 1088 2304 ιιι
1108 2231 1225 2305 Galliis
1249 2248 1284 2306 et
1309 2235 1344 2305 in

230 2348 344 2455 Belgio
362 2346 470 2421 locum
494 2346 672 2435 habuisse,
696 2349 779 2447 quin
805 2347 972 2420 eiusmodi
999 2349 1158 2444 conlapsis
1186 2347 1344 2444 lepitimis

228 2478 325 2564 turpe
343 2463 587 2536 concubinatus
613 2489 735 2535 nomen
762 2462 904 2535 inditum
929 2450 1345 2548 luerit,»1taetnos1te·

229 2592 303 2651 r'ere
329 2578 510 2664 debemus,
539 2578 664 2677 quod
656 2604 722 2650 rem
748 2577 913 2664 diximus,
941 2576 1100 2650 videlicet
1124 2603 1192 2649 nou
1219 2578 1275 2675 egi
1302 2579 1343 2651 de

227 2693 315 2791 scoto
341 2691 401 2763 sed
426 2692 469 2762 dc
493 2694 586 2763 iure:
619 2692 717 2792 plura
750 2706 828 2765 sunt
861 2716 949 2790 quae
983 2691 1088 2777 fiunt,
1117 2716 1206 2789 quae
1230 2708 1342 2764 tamen

228 2806 301 2880 lieri
326 2806 474 2903 legitime
500 2832 566 2879 non
592 2822 747 2905 possunt.
777 2806 930 2879 Ecclesia
963 2806 1081 2905 nequit
1104 2806 1173 2878 rim
1197 2805 1344 2880 obiicere

226 2921 292 3008 iis,
316 2921 375 3020 qui
396 2920 429 2993 vi
456 2920 656 3007 abutuntur,
683 2935 721 2992 ut
746 2935 860 2992 contra
882 2920 937 2992 ius
955 2907 1060 2992 artas
1086 2918 1193 2992 multa
1215 2923 1344 2994 consti-

227 3054 333 3111 tuant.
363 3036 397 3107 Si
428 3036 594 3109 interdum
630 3036 832 3110 necessitate
858 3022 1037 3136 'compulsa
1070 3036 1257 3136 apostolica
1290 3063 1343 3110 se-

227 3151 288 3225 des
321 3151 537 3225 dissimulare
557 3153 599 3223 ad
620 3167 750 3252 tempus
773 3136 1022 3249 cogitu'r‚³1ion
1048 3152 1124 3226 ideo
1150 3152 1338 3252 approbat,

228 3293 315 3365 quae
342 3266 564 3368 improbanda
589 3281 684 3340 sunt:
709 3268 801 3340 novit
827 3267 971 3340 ecclesia
992 3254 1123 3373 tempus
1150 3267 1285 3340 tacendi
1310 3282 1344 3340 ct

225 3393 358 3486 ternpus
383 3382 567 3480 loquendi:
588 3382 703 3454 functa
728 3399 780 3455 est
804 3409 942 3455 munere
967 3408 1030 3456 suo
1051 3397 1150 3481 pmut
1168 3409 1281 3454 rerum
1303 3408 1342 3455 ac

223 3511 412 3617 temporum
435 3496 593 3568 adiuncta
617 3496 853 3595 exposcebant.
870 3496 973 3582 cuod
997 3524 1026 3570 st
1017 3494 1209 3592 ¹gubernia
1226 3520 1340 3570 aurern

222 3636 293 3684 non
310 3609 524 3710 praebent,
515 3638 591 3739 ipsa
610 3611 774 3684 viderint:
800 3638 867 3684 non
894 3597 970 3685 ideo
991 3638 1045 3684 res
1067 3610 1160 3684 licite
1178 3610 1336 3696 efficitur,

225 3751 335 3825 neque
355 3724 434 3797 inde
451 3725 604 3823 sequitur
624 3724 756 3799 alias
728 3752 801 3800 srve
821 3724 1075 3833 respublicas
1047 3750 1118 3798 sive
1132 3750 1237 3821 regna
1250 3724 1340 3797 licite

220 3864 326 3940 posse
351 3839 444 3912 illa
436 3839 571 3912 imitari
588 3841 739 3913 Ceterum
766 3840 1010 3913 concubinatus
1035 3865 1156 3913 nomen
1186 3838 1340 3937 lept'tr‘mis

223 3954 419 4029 huiusmodi
446 3954 614 4028 coenobiis
639 3956 737 4027 aPio
762 3957 817 4025 lll
835 3970 949 4063 aperte
972 3955 1116 4029 inditum
1136 3954 1244 4026 luisse
1265 3953 1339 4054 plu·

218 4069 312 4142 ‘ries
322 4071 491 4159 diximus,
521 4084 626 4173 quum
651 4070 795 4144 docuit:
806 4071 921 4143 «inter
940 4070 1063 4144 fideles
1088 4069 1339 4143 matrimonium

224 4183 299 4256 dari
325 4211 391 4258 non
418 4210 536 4286 posse,
565 4213 649 4285 qum
675 4210 738 4256 ono
762 4184 930 4283 eodemque
952 4187 1339 4284 tempotcsitsooromec-

226 4311 425 4399 temetque
446 4298 571 4374 idcirco
597 4299 781 4399 quamlibet
806 4299 908 4375 aliam
935 4299 1023 4374 inter
1047 4298 1254 4377 christianos
1273 4295 1337 4370 viri
