<?xml version="1.0" encoding="UTF-8"?>
<!DOCTYPE html PUBLIC "-//W3C//DTD XHTML 1.0 Transitional//EN"
    "http://www.w3.org/TR/xhtml1/DTD/xhtml1-transitional.dtd">
<html xmlns="http://www.w3.org/1999/xhtml" xml:lang="en" lang="en">
 <head>
  <title>
</title>
<meta http-equiv="Content-Type" content="text/html;charset=utf-8" />
  <meta name='ocr-system' content='tesseract 3.04.00' />
  <meta name='ocr-capabilities' content='ocr_page ocr_carea ocr_par ocr_line ocrx_word'/>
</head>
<body>
  <div class='ocr_page' id='page_1' title='image "./dematrimoniochr00perrgoog_0323.png"; bbox 0 0 2872 5062; ppageno 0'>
   <div class='ocr_carea' id='block_1_1' title="bbox 239 334 1146 421">
    <p class='ocr_par' dir='ltr' id='par_1_1' title="bbox 239 334 1146 421">
     <span class='ocr_line' id='line_1_1' title="bbox 239 334 1146 421; baseline -0.01 -1"><span class='ocrx_word' id='word_1_1' title='bbox 239 334 309 421; x_wconf 80' lang='lat' dir='ltr'><strong>aot</strong></span> <span class='ocrx_word' id='word_1_2' title='bbox 439 369 500 420; x_wconf 86' lang='grc' dir='ltr'><strong>ιιι.</strong></span> <span class='ocrx_word' id='word_1_3' title='bbox 522 366 545 419; x_wconf 93' lang='grc' dir='ltr'><strong>ι.</strong></span> <span class='ocrx_word' id='word_1_4' title='bbox 565 365 652 418; x_wconf 82' lang='lat' dir='ltr'><strong>sacr.</strong></span> <span class='ocrx_word' id='word_1_5' title='bbox 673 364 802 418; x_wconf 77' lang='lat' dir='ltr'><strong>surana.</strong></span> <span class='ocrx_word' id='word_1_6' title='bbox 823 364 864 416; x_wconf 85' lang='lat' dir='ltr'><strong>nr</strong></span> <span class='ocrx_word' id='word_1_7' title='bbox 888 363 1020 417; x_wconf 70' lang='lat' dir='ltr'><strong>urrais.</strong></span> <span class='ocrx_word' id='word_1_8' title='bbox 1041 361 1146 417; x_wconf 83' lang='lat' dir='ltr'><strong>orm.</strong></span> 
     </span>
    </p>
   </div>
   <div class='ocr_carea' id='block_1_2' title="bbox 235 479 1356 4410">
    <p class='ocr_par' dir='ltr' id='par_1_2' title="bbox 236 479 1351 1140">
     <span class='ocr_line' id='line_1_2' title="bbox 236 479 1347 588; baseline -0.005 -26"><span class='ocrx_word' id='word_1_9' title='bbox 236 513 367 588; x_wconf 77' lang='lat' dir='ltr'><strong>gemus.</strong></span> <span class='ocrx_word' id='word_1_10' title='bbox 393 486 431 558; x_wconf 91' lang='lat' dir='ltr'><strong>ln</strong></span> <span class='ocrx_word' id='word_1_11' title='bbox 457 484 514 560; x_wconf 87' lang='lat' dir='ltr'><strong>tali</strong></span> <span class='ocrx_word' id='word_1_12' title='bbox 540 486 642 583; x_wconf 81' lang='lat' dir='ltr'><strong>igitur</strong></span> <span class='ocrx_word' id='word_1_13' title='bbox 668 511 778 559; x_wconf 89' lang='lat' dir='ltr'><strong>rerum</strong></span> <span class='ocrx_word' id='word_1_14' title='bbox 804 479 1016 571; x_wconf 88' lang='lat' dir='ltr'><strong>conditione,</strong></span> <span class='ocrx_word' id='word_1_15' title='bbox 1045 483 1129 582; x_wconf 89' lang='lat' dir='ltr'><strong>quid</strong></span> <span class='ocrx_word' id='word_1_16' title='bbox 1153 484 1296 570; x_wconf 90' lang='lat' dir='ltr'><strong>mirum,</strong></span> <span class='ocrx_word' id='word_1_17' title='bbox 1317 485 1347 558; x_wconf 91' lang='lat' dir='ltr'><strong>si</strong></span> 
     </span>
     <span class='ocr_line' id='line_1_3' title="bbox 238 591 1345 704; baseline 0 -29"><span class='ocrx_word' id='word_1_18' title='bbox 238 604 350 704; x_wconf 91' lang='lat' dir='ltr'><strong>plures</strong></span> <span class='ocrx_word' id='word_1_19' title='bbox 376 601 608 688; x_wconf 82' lang='lat' dir='ltr'><strong>inveniantur,</strong></span> <span class='ocrx_word' id='word_1_20' title='bbox 629 602 700 702; x_wconf 91' lang='lat' dir='ltr'><strong>qui,</strong></span> <span class='ocrx_word' id='word_1_21' title='bbox 722 626 797 674; x_wconf 93' lang='lat' dir='ltr'><strong>cum</strong></span> <span class='ocrx_word' id='word_1_22' title='bbox 824 601 933 697; x_wconf 84' lang='lat' dir='ltr'><strong>agitur</strong></span> <span class='ocrx_word' id='word_1_23' title='bbox 948 600 992 672; x_wconf 91' lang='lat' dir='ltr'><strong>de</strong></span> <span class='ocrx_word' id='word_1_24' title='bbox 1008 599 1171 673; x_wconf 87' lang='lat' dir='ltr'><strong>ecclesiae</strong></span> <span class='ocrx_word' id='word_1_25' title='bbox 1195 591 1345 698; x_wconf 80' lang='lat' dir='ltr'><strong>legibus,</strong></span> 
     </span>
     <span class='ocr_line' id='line_1_4' title="bbox 238 716 1350 819; baseline -0.004 -26"><span class='ocrx_word' id='word_1_26' title='bbox 238 745 297 794; x_wconf 91' lang='lat' dir='ltr'><strong>eas</strong></span> <span class='ocrx_word' id='word_1_27' title='bbox 309 721 447 818; x_wconf 87' lang='lat' dir='ltr'><strong>impunc</strong></span> <span class='ocrx_word' id='word_1_28' title='bbox 459 719 747 819; x_wconf 81' lang='lat' dir='ltr'><strong>praevaricentur,</strong></span> <span class='ocrx_word' id='word_1_29' title='bbox 763 716 982 817; x_wconf 83' lang='lat' dir='ltr'><strong>pessumdant</strong></span> <span class='ocrx_word' id='word_1_30' title='bbox 995 733 1096 815; x_wconf 82' lang='lat' dir='ltr'><strong>utque</strong></span> <span class='ocrx_word' id='word_1_31' title='bbox 1108 717 1350 790; x_wconf 72' lang='lat' dir='ltr'><strong>contemnant?</strong></span> 
     </span>
     <span class='ocr_line' id='line_1_5' title="bbox 239 827 1348 935; baseline -0.004 -25"><span class='ocrx_word' id='word_1_32' title='bbox 239 836 370 910; x_wconf 85' lang='lat' dir='ltr'><strong>Gloriae</strong></span> <span class='ocrx_word' id='word_1_33' title='bbox 395 836 505 935; x_wconf 89' lang='lat' dir='ltr'><strong>potius</strong></span> <span class='ocrx_word' id='word_1_34' title='bbox 531 835 597 909; x_wconf 91' lang='lat' dir='ltr'><strong>sibi</strong></span> <span class='ocrx_word' id='word_1_35' title='bbox 623 835 751 908; x_wconf 90' lang='lat' dir='ltr'><strong>ducunt</strong></span> <span class='ocrx_word' id='word_1_36' title='bbox 774 834 821 907; x_wconf 90' lang='lat' dir='ltr'><strong>ita</strong></span> <span class='ocrx_word' id='word_1_37' title='bbox 838 859 875 907; x_wconf 90' lang='lat' dir='ltr'><strong>se</strong></span> <span class='ocrx_word' id='word_1_38' title='bbox 894 859 1025 930; x_wconf 81' lang='lat' dir='ltr'><strong>gerere,</strong></span> <span class='ocrx_word' id='word_1_39' title='bbox 1044 827 1172 931; x_wconf 84' lang='lat' dir='ltr'><strong>eosque</strong></span> <span class='ocrx_word' id='word_1_40' title='bbox 1188 832 1348 922; x_wconf 91' lang='lat' dir='ltr'><strong>irrident,</strong></span> 
     </span>
     <span class='ocr_line' id='line_1_6' title="bbox 239 947 1351 1052; baseline -0.003 -29"><span class='ocrx_word' id='word_1_41' title='bbox 239 952 299 1052; x_wconf 91' lang='lat' dir='ltr'><strong>qui</strong></span> <span class='ocrx_word' id='word_1_42' title='bbox 323 951 446 1026; x_wconf 83' lang='lat' dir='ltr'><strong>vellent</strong></span> <span class='ocrx_word' id='word_1_43' title='bbox 471 975 529 1024; x_wconf 90' lang='lat' dir='ltr'><strong>eos</strong></span> <span class='ocrx_word' id='word_1_44' title='bbox 555 950 599 1023; x_wconf 91' lang='lat' dir='ltr'><strong>ab</strong></span> <span class='ocrx_word' id='word_1_45' title='bbox 624 949 688 1025; x_wconf 88' lang='lat' dir='ltr'><strong>hac</strong></span> <span class='ocrx_word' id='word_1_46' title='bbox 714 948 882 1023; x_wconf 89' lang='lat' dir='ltr'><strong>sentiendi</strong></span> <span class='ocrx_word' id='word_1_47' title='bbox 916 947 1107 1047; x_wconf 83' lang='lat' dir='ltr'><strong>agendique</strong></span> <span class='ocrx_word' id='word_1_48' title='bbox 1138 948 1269 1022; x_wconf 87' lang='lat' dir='ltr'><strong>ratione</strong></span> <span class='ocrx_word' id='word_1_49' title='bbox 1293 949 1351 1021; x_wconf 88' lang='lat' dir='ltr'><strong>de-</strong></span> 
     </span>
     <span class='ocr_line' id='line_1_7' title="bbox 241 1066 772 1140; baseline 0.002 -1"><span class='ocrx_word' id='word_1_50' title='bbox 241 1066 376 1140; x_wconf 88' lang='lat' dir='ltr'><strong>ducere.</strong></span> <span class='ocrx_word' id='word_1_51' title='bbox 770 1081 772 1086; x_wconf 84' lang='lat'>&#39;</span> 
     </span>
    </p>

    <p class='ocr_par' dir='ltr' id='par_1_3' title="bbox 240 1177 1355 2666">
     <span class='ocr_line' id='line_1_8' title="bbox 312 1177 1351 1280; baseline -0.005 -26"><span class='ocrx_word' id='word_1_52' title='bbox 312 1180 421 1255; x_wconf 87' lang='lat' dir='ltr'><strong>Semel</strong></span> <span class='ocrx_word' id='word_1_53' title='bbox 439 1207 479 1255; x_wconf 88' lang='lat' dir='ltr'><strong>ac</strong></span> <span class='ocrx_word' id='word_1_54' title='bbox 495 1196 607 1255; x_wconf 89' lang='lat' dir='ltr'><strong>autem</strong></span> <span class='ocrx_word' id='word_1_55' title='bbox 625 1180 767 1255; x_wconf 84' lang='lat' dir='ltr'><strong>nexibus</strong></span> <span class='ocrx_word' id='word_1_56' title='bbox 784 1179 940 1254; x_wconf 89' lang='lat' dir='ltr'><strong>civilibus</strong></span> <span class='ocrx_word' id='word_1_57' title='bbox 957 1177 1164 1280; x_wconf 82' lang='lat' dir='ltr'><strong>nuptialibus</strong></span> <span class='ocrx_word' id='word_1_58' title='bbox 1182 1178 1351 1252; x_wconf 90' lang='lat' dir='ltr'><strong>eiusmodi</strong></span> 
     </span>
     <span class='ocr_line' id='line_1_9' title="bbox 241 1293 1351 1386; baseline -0.003 -15"><span class='ocrx_word' id='word_1_59' title='bbox 241 1297 395 1373; x_wconf 91' lang='lat' dir='ltr'><strong>homines</strong></span> <span class='ocrx_word' id='word_1_60' title='bbox 413 1322 450 1371; x_wconf 90' lang='lat' dir='ltr'><strong>se</strong></span> <span class='ocrx_word' id='word_1_61' title='bbox 467 1297 663 1386; x_wconf 87' lang='lat' dir='ltr'><strong>irretierint,</strong></span> <span class='ocrx_word' id='word_1_62' title='bbox 684 1295 822 1369; x_wconf 86' lang='lat' dir='ltr'><strong>difficile</strong></span> <span class='ocrx_word' id='word_1_63' title='bbox 839 1295 974 1370; x_wconf 93' lang='lat' dir='ltr'><strong>omnino</strong></span> <span class='ocrx_word' id='word_1_64' title='bbox 999 1311 1051 1368; x_wconf 87' lang='lat' dir='ltr'><strong>est</strong></span> <span class='ocrx_word' id='word_1_65' title='bbox 1074 1311 1112 1369; x_wconf 91' lang='lat' dir='ltr'><strong>ut</strong></span> <span class='ocrx_word' id='word_1_66' title='bbox 1136 1293 1179 1367; x_wconf 96' lang='lat' dir='ltr'><strong>ab</strong></span> <span class='ocrx_word' id='word_1_67' title='bbox 1205 1294 1249 1368; x_wconf 93' lang='lat' dir='ltr'><strong>iis</strong></span> <span class='ocrx_word' id='word_1_68' title='bbox 1276 1320 1351 1368; x_wconf 87' lang='lat' dir='ltr'><strong>sese</strong></span> 
     </span>
     <span class='ocr_line' id='line_1_10' title="bbox 240 1410 1353 1512; baseline -0.004 -25"><span class='ocrx_word' id='word_1_69' title='bbox 240 1413 422 1501; x_wconf 82' lang='lat' dir='ltr'><strong>extricant,</strong></span> <span class='ocrx_word' id='word_1_70' title='bbox 450 1412 631 1512; x_wconf 87' lang='lat' dir='ltr'><strong>praecipue</strong></span> <span class='ocrx_word' id='word_1_71' title='bbox 656 1411 687 1485; x_wconf 94' lang='lat' dir='ltr'><strong>si</strong></span> <span class='ocrx_word' id='word_1_72' title='bbox 712 1410 755 1484; x_wconf 91' lang='lat' dir='ltr'><strong>ad</strong></span> <span class='ocrx_word' id='word_1_73' title='bbox 781 1428 913 1510; x_wconf 87' lang='lat' dir='ltr'><strong>tempus</strong></span> <span class='ocrx_word' id='word_1_74' title='bbox 942 1410 1080 1510; x_wconf 85' lang='lat' dir='ltr'><strong>aliquod</strong></span> <span class='ocrx_word' id='word_1_75' title='bbox 1114 1410 1244 1510; x_wconf 84' lang='lat' dir='ltr'><strong>absque</strong></span> <span class='ocrx_word' id='word_1_76' title='bbox 1273 1436 1353 1484; x_wconf 86' lang='lat' dir='ltr'><strong>con-</strong></span> 
     </span>
     <span class='ocr_line' id='line_1_11' title="bbox 240 1527 1351 1627; baseline -0.005 -24"><span class='ocrx_word' id='word_1_77' title='bbox 240 1528 401 1603; x_wconf 87' lang='lat' dir='ltr'><strong>scientiae</strong></span> <span class='ocrx_word' id='word_1_78' title='bbox 418 1529 485 1601; x_wconf 93' lang='lat' dir='ltr'><strong>iam</strong></span> <span class='ocrx_word' id='word_1_79' title='bbox 503 1528 650 1626; x_wconf 90' lang='lat' dir='ltr'><strong>sopitae,</strong></span> <span class='ocrx_word' id='word_1_80' title='bbox 670 1528 797 1626; x_wconf 88' lang='lat' dir='ltr'><strong>diuque</strong></span> <span class='ocrx_word' id='word_1_81' title='bbox 810 1542 1018 1627; x_wconf 84' lang='lat' dir='ltr'><strong>contemptae</strong></span> <span class='ocrx_word' id='word_1_82' title='bbox 1031 1552 1155 1624; x_wconf 81' lang='lat' dir='ltr'><strong>angore</strong></span> <span class='ocrx_word' id='word_1_83' title='bbox 1170 1527 1351 1625; x_wconf 83' lang='lat' dir='ltr'><strong>coniugum</strong></span> 
     </span>
     <span class='ocr_line' id='line_1_12' title="bbox 243 1641 1353 1743; baseline -0.002 -27"><span class='ocrx_word' id='word_1_84' title='bbox 243 1670 336 1720; x_wconf 90' lang='lat' dir='ltr'><strong>more</strong></span> <span class='ocrx_word' id='word_1_85' title='bbox 359 1643 576 1718; x_wconf 87' lang='lat' dir='ltr'><strong>convixerint.</strong></span> <span class='ocrx_word' id='word_1_86' title='bbox 602 1642 690 1716; x_wconf 81' lang='lat' dir='ltr'><strong>llino</strong></span> <span class='ocrx_word' id='word_1_87' title='bbox 714 1643 781 1714; x_wconf 91' lang='lat' dir='ltr'><strong>rari</strong></span> <span class='ocrx_word' id='word_1_88' title='bbox 806 1641 987 1716; x_wconf 90' lang='lat' dir='ltr'><strong>admodum</strong></span> <span class='ocrx_word' id='word_1_89' title='bbox 1012 1657 1110 1729; x_wconf 90' lang='lat' dir='ltr'><strong>sunt,</strong></span> <span class='ocrx_word' id='word_1_90' title='bbox 1138 1642 1198 1743; x_wconf 89' lang='lat' dir='ltr'><strong>qui</strong></span> <span class='ocrx_word' id='word_1_91' title='bbox 1222 1642 1267 1715; x_wconf 90' lang='lat' dir='ltr'><strong>de</strong></span> <span class='ocrx_word' id='word_1_92' title='bbox 1280 1667 1353 1716; x_wconf 92' lang='lat' dir='ltr'><strong>-suo</strong></span> 
     </span>
     <span class='ocr_line' id='line_1_13' title="bbox 241 1752 1349 1858; baseline -0.005 -23"><span class='ocrx_word' id='word_1_93' title='bbox 241 1776 332 1835; x_wconf 82' lang='lat' dir='ltr'><strong>stetu</strong></span> <span class='ocrx_word' id='word_1_94' title='bbox 364 1760 501 1833; x_wconf 91' lang='lat' dir='ltr'><strong>tandem</strong></span> <span class='ocrx_word' id='word_1_95' title='bbox 533 1774 653 1832; x_wconf 88' lang='lat' dir='ltr'><strong>exeant</strong></span> <span class='ocrx_word' id='word_1_96' title='bbox 676 1784 716 1832; x_wconf 88' lang='lat' dir='ltr'><strong>ac</strong></span> <span class='ocrx_word' id='word_1_97' title='bbox 745 1756 947 1858; x_wconf 87' lang='lat' dir='ltr'><strong>resipiscant</strong></span> <span class='ocrx_word' id='word_1_98' title='bbox 971 1758 1014 1830; x_wconf 89' lang='lat' dir='ltr'><strong>ad</strong></span> <span class='ocrx_word' id='word_1_99' title='bbox 1039 1754 1162 1832; x_wconf 89' lang='lat' dir='ltr'><strong>bonam</strong></span> <span class='ocrx_word' id='word_1_100' title='bbox 1195 1752 1349 1855; x_wconf 79' lang='lat' dir='ltr'><strong>lru&#39;gem,</strong></span> 
     </span>
     <span class='ocr_line' id='line_1_14' title="bbox 242 1873 1350 1976; baseline -0.005 -26"><span class='ocrx_word' id='word_1_101' title='bbox 242 1894 342 1976; x_wconf 88' lang='lat' dir='ltr'><strong>atque</strong></span> <span class='ocrx_word' id='word_1_102' title='bbox 366 1874 615 1950; x_wconf 88' lang='lat' dir='ltr'><strong>matrimonium</strong></span> <span class='ocrx_word' id='word_1_103' title='bbox 640 1900 739 1948; x_wconf 90' lang='lat' dir='ltr'><strong>suum</strong></span> <span class='ocrx_word' id='word_1_104' title='bbox 764 1899 877 1948; x_wconf 89' lang='lat' dir='ltr'><strong>coram</strong></span> <span class='ocrx_word' id='word_1_105' title='bbox 902 1873 1045 1948; x_wconf 87' lang='lat' dir='ltr'><strong>ecclesia</strong></span> <span class='ocrx_word' id='word_1_106' title='bbox 1070 1888 1178 1948; x_wconf 89' lang='lat' dir='ltr'><strong>ratum</strong></span> <span class='ocrx_word' id='word_1_107' title='bbox 1204 1873 1350 1959; x_wconf 82' lang='lat' dir='ltr'><strong>saciant,</strong></span> 
     </span>
     <span class='ocr_line' id='line_1_15' title="bbox 242 1988 1354 2090; baseline -0.004 -25"><span class='ocrx_word' id='word_1_108' title='bbox 242 2016 304 2065; x_wconf 91' lang='lat' dir='ltr'><strong>scu</strong></span> <span class='ocrx_word' id='word_1_109' title='bbox 330 1991 443 2090; x_wconf 92' lang='lat' dir='ltr'><strong>potius</strong></span> <span class='ocrx_word' id='word_1_110' title='bbox 468 2015 546 2064; x_wconf 84' lang='lat' dir='ltr'><strong>vere</strong></span> <span class='ocrx_word' id='word_1_111' title='bbox 569 1989 696 2063; x_wconf 88' lang='lat' dir='ltr'><strong>ineant.</strong></span> <span class='ocrx_word' id='word_1_112' title='bbox 725 1988 881 2088; x_wconf 86' lang='lat' dir='ltr'><strong>Plerique</strong></span> <span class='ocrx_word' id='word_1_113' title='bbox 904 1990 1015 2076; x_wconf 90' lang='lat' dir='ltr'><strong>enim,</strong></span> <span class='ocrx_word' id='word_1_114' title='bbox 1036 2004 1094 2062; x_wconf 89' lang='lat' dir='ltr'><strong>aut</strong></span> <span class='ocrx_word' id='word_1_115' title='bbox 1117 1988 1280 2088; x_wconf 83' lang='lat' dir='ltr'><strong>culpabili</strong></span> <span class='ocrx_word' id='word_1_116' title='bbox 1297 2015 1354 2061; x_wconf 90' lang='lat' dir='ltr'><strong>ne-</strong></span> 
     </span>
     <span class='ocr_line' id='line_1_16' title="bbox 242 2105 1354 2205; baseline -0.001 -27"><span class='ocrx_word' id='word_1_117' title='bbox 242 2105 423 2205; x_wconf 78' lang='lat' dir='ltr'><strong>gligentia,</strong></span> <span class='ocrx_word' id='word_1_118' title='bbox 451 2122 510 2180; x_wconf 88' lang='lat' dir='ltr'><strong>aut</strong></span> <span class='ocrx_word' id='word_1_119' title='bbox 533 2105 681 2204; x_wconf 82' lang='lat' dir='ltr'><strong>religiosi</strong></span> <span class='ocrx_word' id='word_1_120' title='bbox 706 2130 830 2179; x_wconf 92' lang='lat' dir='ltr'><strong>sensus</strong></span> <span class='ocrx_word' id='word_1_121' title='bbox 855 2105 1011 2192; x_wconf 87' lang='lat' dir='ltr'><strong>delectu,</strong></span> <span class='ocrx_word' id='word_1_122' title='bbox 1039 2105 1224 2178; x_wconf 79' lang='lat' dir='ltr'><strong>autetiam</strong></span> <span class='ocrx_word' id='word_1_123' title='bbox 1249 2105 1354 2178; x_wconf 90' lang='lat' dir='ltr'><strong>eccle·</strong></span> 
     </span>
     <span class='ocr_line' id='line_1_17' title="bbox 243 2221 1351 2322; baseline -0.003 -26"><span class='ocrx_word' id='word_1_124' title='bbox 243 2223 315 2298; x_wconf 88' lang='lat' dir='ltr'><strong>siae</strong></span> <span class='ocrx_word' id='word_1_125' title='bbox 331 2276 334 2284; x_wconf 82' lang='lat'>·</span> <span class='ocrx_word' id='word_1_126' title='bbox 349 2238 559 2322; x_wconf 88' lang='lat' dir='ltr'><strong>contemptu,</strong></span> <span class='ocrx_word' id='word_1_127' title='bbox 588 2237 647 2295; x_wconf 93' lang='lat' dir='ltr'><strong>aut</strong></span> <span class='ocrx_word' id='word_1_128' title='bbox 671 2221 788 2296; x_wconf 92' lang='lat' dir='ltr'><strong>timore</strong></span> <span class='ocrx_word' id='word_1_129' title='bbox 812 2222 1016 2322; x_wconf 90' lang='lat' dir='ltr'><strong>quandoque</strong></span> <span class='ocrx_word' id='word_1_130' title='bbox 1040 2221 1212 2295; x_wconf 90' lang='lat' dir='ltr'><strong>mundano</strong></span> <span class='ocrx_word' id='word_1_131' title='bbox 1236 2222 1351 2309; x_wconf 91' lang='lat' dir='ltr'><strong>ducti,</strong></span> 
     </span>
     <span class='ocr_line' id='line_1_18' title="bbox 243 2335 1354 2436; baseline -0.003 -25"><span class='ocrx_word' id='word_1_132' title='bbox 243 2365 286 2412; x_wconf 90' lang='lat' dir='ltr'><strong>ne</strong></span> <span class='ocrx_word' id='word_1_133' title='bbox 298 2338 342 2411; x_wconf 88' lang='lat' dir='ltr'><strong>ab</strong></span> <span class='ocrx_word' id='word_1_134' title='bbox 358 2337 511 2412; x_wconf 91' lang='lat' dir='ltr'><strong>eiusdem</strong></span> <span class='ocrx_word' id='word_1_135' title='bbox 529 2336 636 2434; x_wconf 84' lang='lat' dir='ltr'><strong>frugis</strong></span> <span class='ocrx_word' id='word_1_136' title='bbox 652 2335 847 2409; x_wconf 91' lang='lat' dir='ltr'><strong>hominibus</strong></span> <span class='ocrx_word' id='word_1_137' title='bbox 865 2336 959 2436; x_wconf 86' lang='lat' dir='ltr'><strong>parvi</strong></span> <span class='ocrx_word' id='word_1_138' title='bbox 978 2336 1214 2424; x_wconf 86' lang='lat' dir='ltr'><strong>aestimentur,</strong></span> <span class='ocrx_word' id='word_1_139' title='bbox 1230 2335 1354 2411; x_wconf 87' lang='lat' dir='ltr'><strong>acbri·</strong></span> 
     </span>
     <span class='ocr_line' id='line_1_19' title="bbox 243 2450 1355 2551; baseline -0.001 -23"><span class='ocrx_word' id='word_1_140' title='bbox 243 2453 346 2528; x_wconf 90' lang='lat' dir='ltr'><strong>stiani</strong></span> <span class='ocrx_word' id='word_1_141' title='bbox 365 2453 513 2527; x_wconf 90' lang='lat' dir='ltr'><strong>muneris</strong></span> <span class='ocrx_word' id='word_1_142' title='bbox 539 2452 651 2526; x_wconf 90' lang='lat' dir='ltr'><strong>ollicio</strong></span> <span class='ocrx_word' id='word_1_143' title='bbox 678 2452 894 2551; x_wconf 90' lang='lat' dir='ltr'><strong>adimplendo</strong></span> <span class='ocrx_word' id='word_1_144' title='bbox 919 2452 1109 2540; x_wconf 87' lang='lat' dir='ltr'><strong>abstinent,</strong></span> <span class='ocrx_word' id='word_1_145' title='bbox 1130 2450 1221 2526; x_wconf 86' lang='lat' dir='ltr'><strong>civili</strong></span> <span class='ocrx_word' id='word_1_146' title='bbox 1240 2453 1355 2528; x_wconf 89' lang='lat' dir='ltr'><strong>coniu-</strong></span> 
     </span>
     <span class='ocr_line' id='line_1_20' title="bbox 243 2566 1343 2666; baseline -0.001 -26"><span class='ocrx_word' id='word_1_147' title='bbox 243 2569 299 2666; x_wconf 83' lang='lat' dir='ltr'><strong>gio</strong></span> <span class='ocrx_word' id='word_1_148' title='bbox 324 2568 483 2643; x_wconf 87' lang='lat' dir='ltr'><strong>contenti.</strong></span> <span class='ocrx_word' id='word_1_149' title='bbox 787 2571 789 2575; x_wconf 73' lang='grc'>’</span> <span class='ocrx_word' id='word_1_150' title='bbox 838 2569 841 2575; x_wconf 76' lang='grc'><strong><em>’</em></strong></span> <span class='ocrx_word' id='word_1_151' title='bbox 983 2568 1006 2600; x_wconf 70' lang='lat'><em>⁵</em></span> <span class='ocrx_word' id='word_1_152' title='bbox 1061 2566 1063 2571; x_wconf 73' lang='grc'><strong>’</strong></span> <span class='ocrx_word' id='word_1_153' title='bbox 1121 2595 1122 2600; x_wconf 66' lang='grc'>’</span> <span class='ocrx_word' id='word_1_154' title='bbox 1340 2582 1343 2593; x_wconf 74' lang='lat'>&#39;</span> 
     </span>
    </p>

    <p class='ocr_par' dir='ltr' id='par_1_4' title="bbox 235 2683 1356 4410">
     <span class='ocr_line' id='line_1_21' title="bbox 316 2683 1355 2787; baseline 0.003 -32"><span class='ocrx_word' id='word_1_155' title='bbox 316 2684 457 2769; x_wconf 86' lang='lat' dir='ltr'><strong>Verum,</strong></span> <span class='ocrx_word' id='word_1_156' title='bbox 486 2684 577 2783; x_wconf 92' lang='lat' dir='ltr'><strong>quod</strong></span> <span class='ocrx_word' id='word_1_157' title='bbox 602 2683 714 2758; x_wconf 91' lang='lat' dir='ltr'><strong>adhuc</strong></span> <span class='ocrx_word' id='word_1_158' title='bbox 739 2685 887 2761; x_wconf 89' lang='lat' dir='ltr'><strong>deterius</strong></span> <span class='ocrx_word' id='word_1_159' title='bbox 913 2704 984 2774; x_wconf 82' lang='lat' dir='ltr'><strong>est,</strong></span> <span class='ocrx_word' id='word_1_160' title='bbox 1013 2712 1090 2760; x_wconf 91' lang='lat' dir='ltr'><strong>cum</strong></span> <span class='ocrx_word' id='word_1_161' title='bbox 1114 2686 1249 2787; x_wconf 92' lang='lat' dir='ltr'><strong>puellae</strong></span> <span class='ocrx_word' id='word_1_162' title='bbox 1273 2686 1355 2760; x_wconf 90' lang='lat' dir='ltr'><strong>deli-</strong></span> 
     </span>
     <span class='ocr_line' id='line_1_22' title="bbox 244 2799 1354 2902; baseline 0.003 -28"><span class='ocrx_word' id='word_1_163' title='bbox 244 2799 382 2874; x_wconf 87' lang='lat' dir='ltr'><strong>catioris</strong></span> <span class='ocrx_word' id='word_1_164' title='bbox 412 2799 638 2874; x_wconf 89' lang='lat' dir='ltr'><strong>conscientiae</strong></span> <span class='ocrx_word' id='word_1_165' title='bbox 662 2826 739 2876; x_wconf 88' lang='lat' dir='ltr'><strong>esse</strong></span> <span class='ocrx_word' id='word_1_166' title='bbox 764 2801 923 2890; x_wconf 76' lang='lat' dir='ltr'><strong>soleant,</strong></span> <span class='ocrx_word' id='word_1_167' title='bbox 946 2828 1014 2877; x_wconf 91' lang='lat' dir='ltr'><strong>non</strong></span> <span class='ocrx_word' id='word_1_168' title='bbox 1032 2800 1143 2877; x_wconf 68' lang='lat' dir='ltr'><strong>&#39;semel</strong></span> <span class='ocrx_word' id='word_1_169' title='bbox 1168 2829 1189 2877; x_wconf 88' lang='lat' dir='ltr'><strong>a</strong></span> <span class='ocrx_word' id='word_1_170' title='bbox 1214 2803 1354 2902; x_wconf 90' lang='lat' dir='ltr'><strong>perditis</strong></span> 
     </span>
     <span class='ocr_line' id='line_1_23' title="bbox 243 2914 1353 3019; baseline 0.004 -30"><span class='ocrx_word' id='word_1_171' title='bbox 243 2914 411 2990; x_wconf 91' lang='lat' dir='ltr'><strong>eiusmodi</strong></span> <span class='ocrx_word' id='word_1_172' title='bbox 436 2915 630 2990; x_wconf 89' lang='lat' dir='ltr'><strong>hominibus</strong></span> <span class='ocrx_word' id='word_1_173' title='bbox 655 2918 881 3017; x_wconf 89' lang='lat' dir='ltr'><strong>decipiuntur.</strong></span> <span class='ocrx_word' id='word_1_174' title='bbox 907 2920 992 2992; x_wconf 91' lang='lat' dir='ltr'><strong>Nam</strong></span> <span class='ocrx_word' id='word_1_175' title='bbox 1013 2935 1052 2993; x_wconf 87' lang='lat' dir='ltr'><strong>ot</strong></span> <span class='ocrx_word' id='word_1_176' title='bbox 1069 2944 1129 2993; x_wconf 88' lang='lat' dir='ltr'><strong>eas</strong></span> <span class='ocrx_word' id='word_1_177' title='bbox 1147 2919 1294 3019; x_wconf 91' lang='lat' dir='ltr'><strong>primum</strong></span> <span class='ocrx_word' id='word_1_178' title='bbox 1311 2919 1353 2993; x_wconf 88' lang='lat' dir='ltr'><strong>ad</strong></span> 
     </span>
     <span class='ocr_line' id='line_1_24' title="bbox 244 3031 1354 3134; baseline 0.001 -27"><span class='ocrx_word' id='word_1_179' title='bbox 244 3032 360 3107; x_wconf 82' lang='lat' dir='ltr'><strong>civiles</strong></span> <span class='ocrx_word' id='word_1_180' title='bbox 379 3032 513 3133; x_wconf 89' lang='lat' dir='ltr'><strong>nuptias</strong></span> <span class='ocrx_word' id='word_1_181' title='bbox 531 3031 709 3122; x_wconf 90' lang='lat' dir='ltr'><strong>inducant,</strong></span> <span class='ocrx_word' id='word_1_182' title='bbox 730 3035 930 3134; x_wconf 91' lang='lat' dir='ltr'><strong>pollicentur</strong></span> <span class='ocrx_word' id='word_1_183' title='bbox 946 3061 984 3108; x_wconf 91' lang='lat' dir='ltr'><strong>se</strong></span> <span class='ocrx_word' id='word_1_184' title='bbox 1001 3032 1078 3134; x_wconf 87' lang='lat' dir='ltr'><strong>post</strong></span> <span class='ocrx_word' id='word_1_185' title='bbox 1091 3033 1229 3109; x_wconf 52' lang='lat' dir='ltr'><strong>&#39;civilem</strong></span> <span class='ocrx_word' id='word_1_186' title='bbox 1246 3051 1354 3111; x_wconf 88' lang='lat' dir='ltr'><strong>actum</strong></span> 
     </span>
     <span class='ocr_line' id='line_1_25' title="bbox 245 3147 1354 3250; baseline 0.005 -31"><span class='ocrx_word' id='word_1_187' title='bbox 245 3148 388 3223; x_wconf 89' lang='lat' dir='ltr'><strong>inituros</strong></span> <span class='ocrx_word' id='word_1_188' title='bbox 413 3174 489 3222; x_wconf 90' lang='lat' dir='ltr'><strong>esse</strong></span> <span class='ocrx_word' id='word_1_189' title='bbox 515 3148 707 3246; x_wconf 84' lang='lat' dir='ltr'><strong>coniugium</strong></span> <span class='ocrx_word' id='word_1_190' title='bbox 733 3175 846 3224; x_wconf 87' lang='lat' dir='ltr'><strong>coram</strong></span> <span class='ocrx_word' id='word_1_191' title='bbox 876 3149 1042 3236; x_wconf 84' lang='lat' dir='ltr'><strong>ecolesia3</strong></span> <span class='ocrx_word' id='word_1_192' title='bbox 1072 3147 1253 3250; x_wconf 88' lang='lat' dir='ltr'><strong>postquam</strong></span> <span class='ocrx_word' id='word_1_193' title='bbox 1277 3176 1354 3226; x_wconf 80' lang='lat' dir='ltr'><strong>vero</strong></span> 
     </span>
     <span class='ocr_line' id='line_1_26' title="bbox 245 3265 1354 3363; baseline 0.004 -27"><span class='ocrx_word' id='word_1_194' title='bbox 245 3288 357 3336; x_wconf 90' lang='lat' dir='ltr'><strong>coram</strong></span> <span class='ocrx_word' id='word_1_195' title='bbox 388 3265 588 3363; x_wconf 82' lang='lat' dir='ltr'><strong>magistratu</strong></span> <span class='ocrx_word' id='word_1_196' title='bbox 619 3267 858 3352; x_wconf 83' lang='lat' dir='ltr'><strong>constiterunt,</strong></span> <span class='ocrx_word' id='word_1_197' title='bbox 888 3265 1081 3341; x_wconf 63' lang='lat' dir='ltr'><strong>non&#39;modo</strong></span> <span class='ocrx_word' id='word_1_198' title='bbox 1113 3266 1229 3340; x_wconf 87' lang='lat' dir='ltr'><strong>datam</strong></span> <span class='ocrx_word' id='word_1_199' title='bbox 1255 3268 1354 3340; x_wconf 85' lang='lat' dir='ltr'><strong>fidem</strong></span> 
     </span>
     <span class='ocr_line' id='line_1_27' title="bbox 245 3379 1355 3482; baseline 0.005 -32"><span class='ocrx_word' id='word_1_200' title='bbox 245 3405 312 3452; x_wconf 90' lang='lat' dir='ltr'><strong>non</strong></span> <span class='ocrx_word' id='word_1_201' title='bbox 329 3379 493 3468; x_wconf 88' lang='lat' dir='ltr'><strong>liberant,</strong></span> <span class='ocrx_word' id='word_1_202' title='bbox 514 3381 575 3454; x_wconf 92' lang='lat' dir='ltr'><strong>sed</strong></span> <span class='ocrx_word' id='word_1_203' title='bbox 593 3382 790 3482; x_wconf 84' lang='lat' dir='ltr'><strong>pugnaciter</strong></span> <span class='ocrx_word' id='word_1_204' title='bbox 807 3399 950 3455; x_wconf 86' lang='lat' dir='ltr'><strong>renuunt</strong></span> <span class='ocrx_word' id='word_1_205' title='bbox 965 3381 1010 3455; x_wconf 92' lang='lat' dir='ltr'><strong>ad</strong></span> <span class='ocrx_word' id='word_1_206' title='bbox 1027 3382 1204 3456; x_wconf 87' lang='lat' dir='ltr'><strong>ecclesiam</strong></span> <span class='ocrx_word' id='word_1_207' title='bbox 1221 3409 1260 3457; x_wconf 92' lang='lat' dir='ltr'><strong>se</strong></span> <span class='ocrx_word' id='word_1_208' title='bbox 1277 3409 1355 3457; x_wconf 90' lang='lat' dir='ltr'><strong>con·</strong></span> 
     </span>
     <span class='ocr_line' id='line_1_28' title="bbox 245 3493 1354 3600; baseline 0.005 -35"><span class='ocrx_word' id='word_1_209' title='bbox 245 3493 355 3583; x_wconf 85' lang='lat' dir='ltr'><strong>ferre,</strong></span> <span class='ocrx_word' id='word_1_210' title='bbox 383 3496 447 3568; x_wconf 87' lang='lat' dir='ltr'><strong>rati</strong></span> <span class='ocrx_word' id='word_1_211' title='bbox 472 3496 657 3594; x_wconf 83' lang='lat' dir='ltr'><strong>legitimum</strong></span> <span class='ocrx_word' id='word_1_212' title='bbox 684 3497 888 3597; x_wconf 90' lang='lat' dir='ltr'><strong>plenumque</strong></span> <span class='ocrx_word' id='word_1_213' title='bbox 913 3523 990 3571; x_wconf 91' lang='lat' dir='ltr'><strong>esse</strong></span> <span class='ocrx_word' id='word_1_214' title='bbox 1015 3499 1235 3596; x_wconf 81' lang='lat' dir='ltr'><strong>coniugium,</strong></span> <span class='ocrx_word' id='word_1_215' title='bbox 1265 3499 1354 3600; x_wconf 94' lang='lat' dir='ltr'><strong>quod</strong></span> 
     </span>
     <span class='ocr_line' id='line_1_29' title="bbox 245 3610 1356 3709; baseline 0.004 -25"><span class='ocrx_word' id='word_1_216' title='bbox 245 3635 357 3684; x_wconf 87' lang='lat' dir='ltr'><strong>coram</strong></span> <span class='ocrx_word' id='word_1_217' title='bbox 383 3611 578 3709; x_wconf 81' lang='lat' dir='ltr'><strong>magistratu</strong></span> <span class='ocrx_word' id='word_1_218' title='bbox 603 3629 849 3687; x_wconf 87' lang='lat' dir='ltr'><strong>contraxerunt.</strong></span> <span class='ocrx_word' id='word_1_219' title='bbox 874 3615 1004 3688; x_wconf 84' lang='lat' dir='ltr'><strong>Exinde</strong></span> <span class='ocrx_word' id='word_1_220' title='bbox 1029 3615 1084 3702; x_wconf 89' lang='lat' dir='ltr'><strong>fit,</strong></span> <span class='ocrx_word' id='word_1_221' title='bbox 1112 3632 1151 3688; x_wconf 94' lang='lat' dir='ltr'><strong>ut</strong></span> <span class='ocrx_word' id='word_1_222' title='bbox 1167 3615 1293 3689; x_wconf 80' lang='lat' dir='ltr'><strong>infelix</strong></span> <span class='ocrx_word' id='word_1_223' title='bbox 1317 3610 1356 3690; x_wconf 84' lang='lat' dir='ltr'><strong>ac</strong></span> 
     </span>
     <span class='ocr_line' id='line_1_30' title="bbox 246 3726 1355 3829; baseline 0.005 -31"><span class='ocrx_word' id='word_1_224' title='bbox 246 3726 346 3800; x_wconf 91' lang='lat' dir='ltr'><strong>nimis</strong></span> <span class='ocrx_word' id='word_1_225' title='bbox 372 3727 508 3800; x_wconf 86' lang='lat' dir='ltr'><strong>credula</strong></span> <span class='ocrx_word' id='word_1_226' title='bbox 533 3729 645 3828; x_wconf 89' lang='lat' dir='ltr'><strong>puella</strong></span> <span class='ocrx_word' id='word_1_227' title='bbox 670 3733 732 3804; x_wconf 83' lang='lat' dir='ltr'><strong>nec</strong></span> <span class='ocrx_word' id='word_1_228' title='bbox 756 3730 865 3829; x_wconf 91' lang='lat' dir='ltr'><strong>possit</strong></span> <span class='ocrx_word' id='word_1_229' title='bbox 882 3757 942 3829; x_wconf 93' lang='lat' dir='ltr'><strong>per</strong></span> <span class='ocrx_word' id='word_1_230' title='bbox 963 3731 1141 3829; x_wconf 90' lang='lat' dir='ltr'><strong>repudium</strong></span> <span class='ocrx_word' id='word_1_231' title='bbox 1168 3758 1206 3806; x_wconf 90' lang='lat' dir='ltr'><strong>se</strong></span> <span class='ocrx_word' id='word_1_232' title='bbox 1232 3731 1276 3804; x_wconf 88' lang='lat' dir='ltr'><strong>ab</strong></span> <span class='ocrx_word' id='word_1_233' title='bbox 1300 3731 1355 3804; x_wconf 92' lang='lat' dir='ltr'><strong>illo</strong></span> 
     </span>
     <span class='ocr_line' id='line_1_31' title="bbox 246 3840 1351 3946; baseline 0.005 -33"><span class='ocrx_word' id='word_1_234' title='bbox 246 3840 374 3916; x_wconf 85' lang='lat' dir='ltr'><strong>solvere</strong></span> <span class='ocrx_word' id='word_1_235' title='bbox 398 3869 502 3930; x_wconf 89' lang='lat' dir='ltr'><strong>nexu,</strong></span> <span class='ocrx_word' id='word_1_236' title='bbox 522 3860 554 3916; x_wconf 91' lang='lat' dir='ltr'><strong>et</strong></span> <span class='ocrx_word' id='word_1_237' title='bbox 570 3844 673 3917; x_wconf 86' lang='lat' dir='ltr'><strong>vidua</strong></span> <span class='ocrx_word' id='word_1_238' title='bbox 690 3844 887 3943; x_wconf 87' lang='lat' dir='ltr'><strong>priusquam</strong></span> <span class='ocrx_word' id='word_1_239' title='bbox 904 3871 987 3919; x_wconf 88' lang='lat' dir='ltr'><strong>uxor</strong></span> <span class='ocrx_word' id='word_1_240' title='bbox 1004 3844 1125 3920; x_wconf 89' lang='lat' dir='ltr'><strong>debeat</strong></span> <span class='ocrx_word' id='word_1_241' title='bbox 1144 3872 1351 3946; x_wconf 88' lang='lat' dir='ltr'><strong>permanere,</strong></span> 
     </span>
     <span class='ocr_line' id='line_1_32' title="bbox 245 3957 1355 4057; baseline 0.004 -29"><span class='ocrx_word' id='word_1_242' title='bbox 245 3982 286 4030; x_wconf 93' lang='lat' dir='ltr'><strong>eo</strong></span> <span class='ocrx_word' id='word_1_243' title='bbox 303 3957 394 4057; x_wconf 92' lang='lat' dir='ltr'><strong>quod</strong></span> <span class='ocrx_word' id='word_1_244' title='bbox 412 3958 464 4030; x_wconf 87' lang='lat' dir='ltr'><strong>lex</strong></span> <span class='ocrx_word' id='word_1_245' title='bbox 482 3986 555 4033; x_wconf 86' lang='lat' dir='ltr'><strong>eam</strong></span> <span class='ocrx_word' id='word_1_246' title='bbox 573 3976 670 4057; x_wconf 82' lang='lat' dir='ltr'><strong>cogat</strong></span> <span class='ocrx_word' id='word_1_247' title='bbox 685 3960 860 4033; x_wconf 85' lang='lat' dir='ltr'><strong>convivere</strong></span> <span class='ocrx_word' id='word_1_248' title='bbox 872 3975 905 4033; x_wconf 90' lang='lat' dir='ltr'><strong>et</strong></span> <span class='ocrx_word' id='word_1_249' title='bbox 916 3961 1110 4034; x_wconf 86' lang='lat' dir='ltr'><strong>cohabitare</strong></span> <span class='ocrx_word' id='word_1_250' title='bbox 1126 3989 1203 4035; x_wconf 92' lang='lat' dir='ltr'><strong>cum</strong></span> <span class='ocrx_word' id='word_1_251' title='bbox 1218 3963 1294 4037; x_wconf 80' lang='lat' dir='ltr'><strong>uiro</strong></span> <span class='ocrx_word' id='word_1_252' title='bbox 1310 3963 1355 4036; x_wconf 89' lang='lat' dir='ltr'><strong>ci-</strong></span> 
     </span>
     <span class='ocr_line' id='line_1_33' title="bbox 235 4073 1353 4176; baseline 0.005 -30"><span class='ocrx_word' id='word_1_253' title='bbox 235 4073 355 4147; x_wconf 81' lang='lat' dir='ltr'><strong>··viliter</strong></span> <span class='ocrx_word' id='word_1_254' title='bbox 375 4075 494 4163; x_wconf 90' lang='lat' dir='ltr'><strong>ducto,</strong></span> <span class='ocrx_word' id='word_1_255' title='bbox 519 4103 630 4176; x_wconf 90' lang='lat' dir='ltr'><strong>neque</strong></span> <span class='ocrx_word' id='word_1_256' title='bbox 650 4077 779 4176; x_wconf 90' lang='lat' dir='ltr'><strong>possit,</strong></span> <span class='ocrx_word' id='word_1_257' title='bbox 805 4094 964 4150; x_wconf 85' lang='lat' dir='ltr'><strong>renuente</strong></span> <span class='ocrx_word' id='word_1_258' title='bbox 991 4078 1209 4165; x_wconf 87' lang='lat' dir='ltr'><strong>conscientia,</strong></span> <span class='ocrx_word' id='word_1_259' title='bbox 1231 4082 1284 4153; x_wconf 90' lang='lat' dir='ltr'><strong>sui</strong></span> <span class='ocrx_word' id='word_1_260' title='bbox 1300 4105 1353 4152; x_wconf 87' lang='lat' dir='ltr'><strong>oo·</strong></span> 
     </span>
     <span class='ocr_line' id='line_1_34' title="bbox 246 4189 1352 4294; baseline 0.005 -34"><span class='ocrx_word' id='word_1_261' title='bbox 246 4189 338 4288; x_wconf 89' lang='lat' dir='ltr'><strong>piam</strong></span> <span class='ocrx_word' id='word_1_262' title='bbox 372 4193 544 4290; x_wconf 85' lang='lat' dir='ltr'><strong>praebere.</strong></span> <span class='ocrx_word' id='word_1_263' title='bbox 580 4193 668 4266; x_wconf 88' lang='lat' dir='ltr'><strong>Hinc</strong></span> <span class='ocrx_word' id='word_1_264' title='bbox 698 4193 849 4294; x_wconf 91' lang='lat' dir='ltr'><strong>undique</strong></span> <span class='ocrx_word' id='word_1_265' title='bbox 880 4192 1047 4292; x_wconf 87' lang='lat' dir='ltr'><strong>angustiis</strong></span> <span class='ocrx_word' id='word_1_266' title='bbox 1069 4210 1105 4267; x_wconf 92' lang='lat' dir='ltr'><strong>et</strong></span> <span class='ocrx_word' id='word_1_267' title='bbox 1131 4195 1352 4269; x_wconf 85' lang='lat' dir='ltr'><strong>anxietatibus</strong></span> 
     </span>
     <span class='ocr_line' id='line_1_35' title="bbox 242 4305 1352 4410; baseline 0.011 -39"><span class='ocrx_word' id='word_1_268' title='bbox 242 4305 401 4383; x_wconf 66' lang='lat' dir='ltr'><strong>,maximis</strong></span> <span class='ocrx_word' id='word_1_269' title='bbox 425 4308 638 4405; x_wconf 82' lang='lat' dir='ltr'><strong>praemitur;</strong></span> <span class='ocrx_word' id='word_1_270' title='bbox 669 4307 755 4382; x_wconf 83' lang='lat' dir='ltr'><strong>inter</strong></span> <span class='ocrx_word' id='word_1_271' title='bbox 775 4308 892 4406; x_wconf 77' lang='lat' dir='ltr'><strong>legem</strong></span> <span class='ocrx_word' id='word_1_272' title='bbox 918 4326 951 4383; x_wconf 89' lang='lat' dir='ltr'><strong>et</strong></span> <span class='ocrx_word' id='word_1_273' title='bbox 975 4308 1216 4386; x_wconf 78' lang='lat' dir='ltr'><strong>conscientiam</strong></span> <span class='ocrx_word' id='word_1_274' title='bbox 1247 4309 1352 4410; x_wconf 86' lang='lat' dir='ltr'><strong>posita</strong></span> 
     </span>
    </p>
   </div>
   <div class='ocr_carea' id='block_1_3' title="bbox 0 0 1450 5062">
    <p class='ocr_par' dir='ltr' id='par_1_5' title="bbox 0 0 1450 5062">
     <span class='ocr_line' id='line_1_36' title="bbox 0 0 1450 5062; baseline 0 0"><span class='ocrx_word' id='word_1_275' title='bbox 0 0 1450 5062; x_wconf 95' lang='lat' dir='ltr'><strong> </strong></span> 
     </span>
    </p>
   </div>
  </div>
 </body>
</html>
