2872 5062
298 379 367 426 car.
383 378 418 427 n.
435 379 474 426 nr
500 380 593 430 uara.
616 379 679 428 crv.
696 379 780 430 onro.
799 380 839 429 rr
855 380 967 431 ancon.
985 382 1056 431 aar.
1075 383 1099 430 t.
1202 360 1271 432 att

232 495 305 568 Hac
331 496 460 569 ratione
484 496 629 570 ecclesia
652 497 821 570 alliciebat
846 497 963 571 fideles
989 525 1069 572 suos
1088 514 1126 572 ut
1146 499 1275 573 lubenti

159 611 273 684 animo
306 611 495 684 uberiorem
525 612 613 685 hanc
626 603 629 612 ¹
643 613 941 688 sanctificationem
971 631 1004 686 et
1033 615 1173 711 gratiam
1208 615 1274 689 sibi

160 741 409 823 compararent,
434 740 536 824 atque
552 727 616 799 hoc
633 728 732 801 modo
750 729 825 829 ipsa
837 730 958 802 certior
978 729 1080 802 fiebat
1100 729 1142 800 de
1162 727 1275 826 leg-iti·

160 840 244 927 mis,
260 866 346 940 quae
358 841 649 930 contrahebantur,
666 844 805 942 nuptiis.
828 844 1042 918 Conditiones
1061 845 1201 942 insuper
1217 870 1274 944 ap

160 956 274 1054 posuit
290 956 334 1028 ad
351 955 499 1052 legitime
519 959 656 1056 nuptias
678 960 865 1048 ineundas,
883 961 1008 1059 quibus
1028 987 1095 1032 non
1116 961 1271 1047 servatis,

115 1136 118 1148 ι
158 1086 217 1144 aut
241 1071 391 1158 illicitae,
420 1087 478 1144 aut
506 1072 621 1145 irritae
649 1075 749 1146 etiam
775 1101 814 1147 ac
839 1075 966 1148 nullius
991 1076 1126 1174 penitus
1148 1074 1274 1149 valoris

159 1186 394 1274 redderentur,
417 1187 518 1260 itaut
535 1190 684 1286 separari
699 1190 898 1263 abinvicem
917 1189 1093 1277 deberent,
1110 1190 1183 1288 qui,
1204 1189 1274 1263 illis

159 1300 410 1375 conditionibus
433 1302 654 1402 posthabitis,
675 1305 812 1402 nuptias
830 1289 1088 1378 contraxissent.
1110 1304 1202 1377 Talis
1221 1321 1288 1378 est>
1315 1361 1316 1364 ,

159 1416 254 1514 origo
279 1443 419 1505 eorum,
448 1445 535 1518 quae
566 1445 627 1493 nos
658 1445 817 1493 vocamus
848 1421 1090 1520 impedimenta
1115 1421 1274 1494 ecclesia·

158 1532 244 1605 stica
269 1532 488 1631 impedientia
513 1549 570 1606 aut
593 1535 799 1608 dirimentia.

160 1683 164 1692 ·
215 1648 281 1720 'Ad
300 1649 442 1747 primam
460 1650 1054 1750 impedientiumimpedimentorum
1072 1652 1216 1726 classem
1238 1652 1273 1723 in

158 1763 359 1864 antiquitate
379 1780 508 1864 spectat
523 1766 600 1853 illa,
621 1775 723 1866 quam
741 1778 803 1841 nos
819 1768 982 1856 dicimus,
999 1768 1271 1855 clandestinitas,

160 1907 228 1980 qua
253 1880 370 1953 fideles
397 1881 484 1953 inter
509 1909 566 1968 se,
594 1883 677 1981 quin
696 1910 733 1955 se
751 1884 917 1957 sacerdoti
943 1884 1113 1971 sisterent,
1142 1899 1275 1956 contra-

160 1995 287 2068 hebant
310 1996 520 2093 coniugium,
546 1997 740 2096 etquidem
767 1998 935 2070 interdum
961 2000 1098 2072 omnino
1123 1998 1268 2086 occulte,

116 2147 120 2154 ·
162 2111 256 2185 nullo
286 2111 415 2184 adscito
449 2128 545 2186 teste.
579 2112 755 2186 Eiusmodi
791 2113 960 2186 connubia
992 2115 1055 2185 etsi
1085 2129 1276 2186 constanter

159 2243 331 2327 tamquam
348 2228 547 2325 irregularia
564 2254 603 2300 ac
620 2254 687 2300 non
706 2228 825 2325 paucis
841 2228 986 2300 obnoxia
998 2254 1060 2301 nec
1076 2228 1207 2300 levibus
1226 2229 1275 2299 in-

157 2343 344 2417 commodis
375 2343 519 2416 ecclesia
544 2342 782 2441 improbaverit
804 2355 846 2415 'ac
872 2343 1036 2416 detestata
1056 2343 1175 2430 luerit,
1202 2358 1273 2416 rata

158 2475 295 2548 mmen,
327 2461 512 2532 universim
538 2459 677 2546 saltem,
705 2485 744 2532 ac
770 2475 940 2559 tamquam
965 2485 1045 2532 vera
1071 2458 1190 2531 habuit
1219 2485 1275 2531 sa·

157 2592 344 2662 eramenta,
378 2575 485 2648 donec
510 2575 544 2647 in
570 2573 712 2648 concilio
737 2574 920 2646 tridentino
949 2601 989 2647 ea
1016 2574 1118 2669 irrita
1136 2575 1274 2647 omnino

160 2689 321 2764 decrevit.
480 2697 482 2702 ’

233 2805 371 2878 lnterim
396 2832 436 2879 ex
462 2806 517 2878 his
543 2807 699 2879 novimus
719 2807 896 2881 eeclesiam
922 2807 957 2878 in
983 2821 1052 2880 tota
1076 2804 1275 2904 antiquitate

139 2945 345 3017 ‚numquam
371 2936 544 3020 spectasse
560 2921 820 2995 christianorum
838 2921 994 3018 coniugia
1016 2936 1186 3018 tamquam
1205 2943 1276 2991 mc·

159 3060 217 3107 ros
243 3051 431 3110 contractus
456 3036 591 3123 civiles,
615 3036 686 3108 sive
711 3062 822 3108 coram
843 3062 880 3107 se
899 3035 971 3108 sive
995 3033 1122 3107 occulte
1148 3033 1274 3105 iniren-

159 3165 232 3236 tur;
255 3149 357 3223 immo
381 3176 461 3223 vero
487 3151 642 3223 novimus
665 3163 707 3222 ea
732 3149 854 3245 iugiter
874 3148 1036 3221 habuisse
1061 3162 1098 3219 ut
1122 3172 1192 3218 rem
1218 3170 1274 3221 se-

156 3289 269 3349 cram,
290 3266 571 3362 praeseferentem
588 3264 713 3336 Christi
731 3289 807 3335 eum
826 3262 968 3335 ecclesia
984 3261 1271 3347 coniunctionem,

159 3393 260 3479 atque
292 3379 588 3453 indiscriminatim
619 3379 780 3452 omnibus
807 3405 870 3452 sua
899 3378 1100 3477 apposuisse
1131 3376 1275 3477 impedi·

160 3509 286 3567 menta.
698 3509 700 3512 ’

192 3617 195 3621 ’
231 3610 383 3684 Potestas
400 3637 480 3684 vero
496 3611 607 3685 civilis
625 3612 697 3684 sive
717 3609 903 3708 imperialis
925 3611 998 3683 sive
1018 3610 1121 3706 regia,
1146 3635 1187 3681 ex
1207 3633 1275 3708 quo

158 3723 194 3794 in
220 3723 441 3798 christianam
467 3727 642 3799 immutata
664 3741 734 3814 est,
758 3725 989 3822 coniugiorum
1011 3723 1274 3798 moderationem

158 3838 322 3912 eeclesiae
347 3840 496 3928 dimisit,
525 3858 558 3914 et
583 3843 612 3914 si
639 3868 725 3941 quas
756 3841 937 3940 aliquando
963 3840 1054 3936 leges
1081 3837 1156 3912 tulit
1185 3837 1276 3908 circa

158 3956 409 4029 matrimonium
435 3957 585 4031 fidelium
596 3998 613 4044 ,=
626 3973 663 4030 ut
680 3985 742 4032 suo
760 3959 796 4028 in
813 3957 887 4031 loco
904 3955 1112 4040 videbimus,
1133 3977 1192 4025 eae
1218 3967 1276 4024 aut

160 4096 229 4144 non
255 4072 463 4169 attingebant
488 4072 659 4146 vinculum
679 4073 820 4173 ipsum,
835 4088 892 4145 aut
912 4099 989 4145 cum
1011 4069 1175 4144 ecclesiae
1200 4091 1276 4140 con-

160 4213 263 4260 sensu
297 4189 595 4288 promulgabantur
620 4216 640 4262 a
665 4188 875 4288 principibus
890 4202 891 4205 ’
907 4185 1132 4271 christianis,
1161 4198 1219 4256 aut
1244 4182 1273 4255 si

160 4301 296 4376 demum
322 4303 483 4378 ecclesiae
507 4304 640 4400 legibus
658 4304 931 4389 adversarentur,
951 4300 1044 4374 nulla
1060 4319 1173 4373 earum
1191 4295 1276 4371 ratio

1192 4449 1223 4498 17
