2872 5062
352 363 420 411 cnr.
436 362 460 408 r.
477 362 516 409 ns
534 361 664 410 ursus.
686 361 949 411 uuum-mrum.
968 364 1039 412 sur.
1055 361 1088 411 r.
1206 342 1274 411 tit

163 484 196 552 in
222 479 345 576 Anglia
364 476 437 574 lege
460 493 596 550 cautum
622 494 691 564 est,
721 503 760 549 ac
786 504 852 550 non
878 479 925 550 ita
947 479 1078 576 pridem
1104 480 1140 550 in
1164 481 1279 554 codice

162 595 314 692 gallico,
332 609 432 692 atque
455 592 566 666 adhuc
588 592 715 665 obtinet
740 595 775 664 in
801 593 998 680 Germania,
1019 594 1076 666 ubi
1094 595 1184 690 riget
1202 623 1278 694 pro-

162 710 412 794 testantismus;
433 708 578 781 ecclesia
600 709 803 782 contrarium
829 709 974 783 decrevit
998 709 1033 780 in
1059 710 1201 783 concilio
1221 712 1279 783 tri-

163 825 311 898 dentino.
332 824 374 894 Et
391 822 457 895 huc
475 823 615 895 redeunt
638 823 947 896 animadversiones
973 824 1165 910 faciendae,
1192 851 1278 924 quas

163 966 271 1038 nuper
293 937 399 1012 oculis
429 937 645 1010 subiecimus.
674 939 816 1011 Rursum
844 939 965 1036 poterit
993 938 1193 1036 gubernium
1220 940 1279 1011 de-

161 1055 341 1128 terminare
366 1065 528 1151 personas
553 1079 736 1152 earumque
759 1052 961 1152 qualitates,
983 1069 1019 1125 ut
1044 1054 1114 1126 sint
1131 1054 1203 1126 iure
1221 1054 1278 1127 ha-

159 1168 245 1242 biles
270 1168 314 1240 ad
337 1166 599 1241 contrahendum
624 1167 765 1239 civiliter
790 1169 878 1262 (tt).
901 1167 989 1252 Quid
1014 1194 1094 1241 vero
1117 1169 1278 1267 prohibet

160 1282 243 1381 quin
267 1280 487 1378 gubernium,
509 1280 599 1378 quod
618 1281 791 1379 profitetur
816 1280 850 1352 in
875 1281 947 1354 suis
974 1281 1105 1378 legibus
1131 1283 1278 1356 conden-

161 1397 216 1470 dis
239 1396 282 1469 cb
307 1395 450 1470 ecclesia
474 1396 728 1494 praescindere,
758 1397 927 1495 permittat
959 1397 1057 1470 civile
1078 1398 1275 1495 coniugium

161 1512 291 1586 clericis
310 1538 349 1584 ac
368 1511 508 1584 solemni
527 1511 691 1584 castitatis
709 1527 786 1585 voto
804 1512 999 1586 obstrictis?
1016 1514 1136 1612 Logice
1156 1514 1275 1586 saltem

160 1654 200 1700 ac
224 1627 374 1724 legitima
398 1627 597 1700 deductione
621 1627 761 1700 infertur
785 1628 917 1701 evenire
935 1628 970 1699 id
989 1655 1101 1727 posse.
1133 1629 1276 1714 Quando

161 1743 241 1842 quis¹
268 1768 329 1840 per
357 1741 521 1814 lubricum
551 1742 662 1841 coepit
695 1743 849 1816 incedere
874 1770 913 1816 ac
942 1769 1077 1816 cursum
1103 1745 1274 1845 arripere,

161 1857 261 1932 lacile
278 1873 384 1930 estse
402 1858 617 1957 praecipitem
643 1858 735 1932 dare.
753 1859 863 1931 Prima
881 1858 1076 1934 difficultate
1100 1878 1275 1960 superata,

161 1989 380 2072 eeterafpone
406 1988 602 2073 sequuntur.
620 1973 647 2044 Α
665 1974 774 2072 primo
796 1974 914 2071 gradu,
936 1975 993 2074 qui
1015 1977 1146 2074 ligatur,
1174 1979 1276 2053 totius

161 2089 208 2162 rei
223 2089 341 2163 exitus
366 2089 493 2188 pendet
507 2091 596 2184 (ts).

235 2400 286 2463 (52)
303 2404 396 2455 Revera
411 2403 440 2453 in
451 2401 617 2465 paradigmate
627 2403 687 2464 legis
698 2403 763 2453 cirea
774 2394 962 2454 ¹matrimonium
981 2403 1054 2455 civile
1070 2404 1152 2453 oblato
1171 2402 1277 2452 comitiis

161 2480 298 2545 subalpinis
320 2480 507 2546 deputarentur
526 2495 589 2546 quos
609 2485 710 2546 vocant,
727 2484 796 2547 prius
814 2487 899 2534 contra
915 2483 1031 2535 eeclesiae
1046 2483 1110 2547 leges
1128 2482 1273 2547 proponitur

160 2561 230 2611 aetas
246 2562 274 2609 et
289 2559 399 2623 coudriio
412 2562 546 2613 necessum
565 2561 597 2611 ad
614 2562 697 2613 valide
713 2564 906 2614 contrahendum
926 2563 1000 2614 civile
1020 2563 1170 2627 coniugium.
1189 2582 1201 2605 a
1214 2562 1279 2612 Abiit

160 2642 321 2690 econtrarre:
355 2641 397 2691 Pei
412 2642 506 2690 maachi
523 2655 563 2692 an.
577 2650 615 2692 18.

291 2718 294 2723 ’
355 2722 438 2772 Perie
453 2720 570 2772 ferumine
585 2736 625 2772 au.
640 2731 677 2774 15.

162 2799 259 2850 Deinde
267 2801 405 2853 scbdumm
416 2801 506 2865 gradus
518 2802 735 2866 consanguinitatis
744 2804 770 2852 et
778 2802 914 2866 affinitatis,
930 2803 994 2855 iutra
1008 2817 1071 2867 quos
1089 2805 1186 2855 tactum
1197 2802 1279 2852 salide

162 2878 267 2942 nuptias
275 2881 388 2932 celebrari
399 2882 532 2945 nequeunt.

291 2961 434 3012 ascendenti

292 3029 448 3093 Disceudecti

289 3122 418 3175 Frateliie
438 3122 530 3174 sorello⁴

290 3202 324 3253 zii
337 3202 438 3267 -uipoti
673 3259 676 3263 A
926 3270 929 3275 .

159 3282 217 3334 Vid.
229 3283 402 3334 Portentosa>
412 3283 492 3334 surdo
503 3311 512 3324 ·
524 3283 760 3334 Camuoeletiico.
770 3284 878 3334 Tornata
888 3282 928 3333 dei
938 3290 962 3333 1.
970 3281 1067 3345 Giugne
1079 3288 1147 3335 isos.
1158 3295 1212 3346 pag.
1222 3284 1277 3332 117.

160 3364 347 3429 capionis.

233 3445 284 3508 (5³)
299 3435 335 3495 Ne
349 3445 476 3496 videamur
486 3446 618 3496 irs-theoria
628 3446 775 3509 consistere,
787 3447 884 3510 praesto
895 3443 966 3495 uobis
977 3448 1034 3496 suut
1045 3445 1122 3508 lacta,
1134 3444 1274 3508 quaequod

159 3524 200 3575 hie
220 3522 398 3574 affirmavimus
413 3518 567 3576 confirmant.
580 3528 643 3575 cunr
654 3524 679 3574 in
691 3528 776 3575 senatu
793 3523 922 3588 subalpina
937 3523 1059 3574 obiectum
1071 3523 1146 3574 luerit
1157 3537 1173 3574 a
1184 3523 1273 3574 celebri

156 3606 255 3657 oratore
266 3617 296 3654 ac
307 3617 363 3655 rere
374 3605 496 3655 catholico
515 3605 633 3656 adversus
649 3606 802 3669 propositum
819 3617 975 3668 programma
990 3604 1050 3668 legis
1067 3603 1098 3654 dc
1117 3603 1274 3654 matrimonio

157 3685 242 3748 clviii,
264 3686 341 3749 legem
356 3686 422 3736 circa
440 3685 597 3736 matrimonia
613 3699 744 3749 agnoscere
755 3685 843 3735 debere
853 3685 1021 3735 necessitatem
1032 3684 1178 3734 sacramenti
1187 3721 1194 3746 ,
1204 3685 1278 3746 prout

157 3766 269 3828 agnoscit
279 3765 373 3829 aliquot
384 3765 557 3828 impedimenta
570 3778 652 3829 presse
662 3766 774 3829 religiosa
784 3779 823 3816 er.
835 3779 870 3829 gr.
882 3778 1007 3816 sacrorum
1018 3765 1149 3824 ordinum,
1162 3765 1276 3813 votorum

158 3845 307 3896 solemnium
326 3848 373 3897 eto.
385 3846 497 3896 Minister
517 3846 597 3908 regius
608 3860 623 3896 a
633 3846 738 3909 negotiis
756 3846 859 3897 internis
876 3845 913 3896 sio
928 3844 1064 3908 respondit:
1078 3864 1090 3888 c
1100 3847 1126 3894 lo
1138 3842 1219 3904 credo,
1231 3843 1278 3892 cire

157 3923 320 3989 sllorquaudo
334 3924 359 3975 la
376 3925 468 3976 societl
484 3924 521 3976 sia
536 3926 621 3988 giunta
635 3925 666 3976 ad
684 3939 716 3975 un
734 3931 853 3990 maggior
864 3925 948 3990 grado
963 3925 988 3975 d’
998 3924 1202 3981 incivilimento,
1215 3921 1281 3971 forse

157 4016 206 4054 con
224 4003 245 4054 si
261 4005 381 4068 occuperis
398 4006 440 4068 pic
457 4005 490 4055 ne
505 4005 534 4055 di
546 4007 630 4068 preti,
648 4005 680 4055 ne
694 4006 723 4055 di
738 4005 826 4055 ordini
842 4008 926 4067 sacri,
942 4005 1043 4055 lascierlt
1059 4005 1104 4053 cire
1115 4003 1139 4053 ia
1151 4001 1278 4051 coscienza

159 4081 184 4131 di
200 4083 259 4144 ogni
276 4085 408 4146 cittadino,
419 4086 456 4134 sia
468 4084 500 4134 da
510 4097 536 4134 se
546 4085 599 4134 sola
613 4085 724 4147 giudice,
738 4099 752 4136 e
764 4098 791 4136 se
802 4086 819 4134 ii
831 4087 917 4135 senato
930 4084 1057 4147 credesse,
1069 4085 1115 4133 che
1125 4083 1175 4134 tale
1189 4082 1226 4131 sia
1239 4081 1279 4144 gia

687 2645 830 2749 lcocsecso
846 2676 883 2726 dc'
893 2665 1011 2740 genitoris

552 3090 625 3141 siunt
641 3094 706 3144 ueilo
721 3095 798 3143 slesso
811 3091 887 3156 grado
903 3105 974 3142 senza
989 3091 1111 3154 dispems

159 4162 361 4215 liucivilimeuto
377 4165 418 4215 del
432 4167 518 4216 nostro
535 4179 622 4228 paese,
639 4166 664 4216 io
680 4165 791 4216 dichiaro
810 4167 851 4216 dai
868 4166 919 4217 mio
935 4169 1022 4229 canto,
1036 4179 1088 4216 non
1102 4167 1140 4214 nrt
1156 4165 1278 4228 opporrei
1384 4208 1386 4212 .

160 4240 340 4294 cll’udozione
349 4244 377 4295 dt
387 4258 444 4319 una
452 4249 533 4309 piena
543 4243 639 4296 libertis
655 4247 737 4298 unche
753 4260 785 4298 su
802 4247 886 4310 quect’
897 4249 1023 4311 oggeiio.»
1036 4245 1095 4295 vid.
1109 4243 1279 4299 Paricmenio

165 4322 243 4374 sudo
253 4327 381 4376 ·2sesccc.
391 4327 499 4377 'seruata
510 4324 551 4376 del
566 4335 602 4380 ss.
614 4327 804 4380 uicensima.
816 4325 871 4390 pag.
884 4332 936 4377 iss.
949 4327 997 4376 coi.
1012 4334 1032 4376 1.
