2872 5062
215 345 285 417 iti
414 367 475 417 ιιι.
498 366 521 414 ι.
543 364 629 414 sncr.
652 365 675 412 ι.
697 364 737 411 ιι
754 363 886 412 uirus.
907 360 1120 412 unumunurn.

213 483 359 559 walum
372 483 416 556 ad
428 482 671 555 solemnitatem
685 496 812 554 tuntum
831 479 1024 577 nuptiarum
1041 504 1081 552 en
1098 493 1209 552 mente
1226 477 1329 554 istius

214 598 535 701 pseudo-decretalis
568 596 770 671 luculentius
796 596 834 668 fit
857 621 898 668 ex
923 594 1056 679 verbis,
1084 620 1171 693 quae
1199 593 1331 670 deine

214 715 417 815 sequentum
436 730 470 791 et
487 714 530 787 sb
548 713 665 787 eodem
689 712 846 785 Gratiano
862 710 886 782 l.
903 738 933 785 c.
951 710 1002 784 sic
1019 709 1218 784 efferuntur:
1238 710 1330 785 urili-

213 845 263 903 ter
296 855 375 903 reru
407 842 641 927 praesumpta,
670 852 737 899 non
762 824 938 921 coniugia,
966 824 1028 899 sed
1052 823 1244 911 eduens,
1269 839 1330 899 unt

212 946 448 1032 contubernia,
476 960 535 1018 aut
559 958 695 1042 stupra,
723 944 782 1014 aut
811 940 1050 1014 fornicationes
1082 940 1195 1040 potius
1225 949 1329 1040 quum

211 1060 362 1158 ¹legitima
380 1059 538 1155 coniugia
555 1083 634 1133 esse
652 1083 718 1131 nen
735 1055 903 1142 dubitate,
930 1057 998 1128 ut'si
1016 1056 1171 1129 uciuctct
1190 1056 1329 1154 propriu

212 1177 403 1275 sussruputa
417 1175 534 1273 fucrit,
557 1189 588 1245 et
604 1189 680 1247 cetu
695 1174 916 1245 succurrerint
932 1173 1114 1269 icpitt'munr
1130 1172 1194 1245 Per
1218 1171 1330 1270 priore

215 1289 384 1388 siqnidem
409 1288 512 1363 rerba
539 1288 759 1388 reprobantur
781 1303 820 1360 ut
843 1287 1034 1384 illegitima,
1062 1312 1187 1386 nempe
1208 1287 1329 1363 titiis

213 1403 503 1503 coniugissq'uue
528 1404 737 1478 clandestina
762 1403 891 1476 ratione
907 1403 981 1475 sins
998 1402 1161 1489 testibus,
1183 1402 1330 1502 aliisque

214 1519 483 1596 solemnitatibus
499 1521 790 1607 conuabumntur,
808 1546 950 1619 quorum
967 1519 1100 1592 deiectu
1113 1519 1170 1594 bie
1182 1520 1329 1620 pseudu-

213 1638 388 1712 Evaristus
406 1664 462 1723 ea,
484 1663 550 1710 non
576 1636 728 1710 absolute
753 1635 934 1722 adulteria,
964 1635 1200 1722 contubernia,
1228 1635 1329 1711 forni-

212 1747 428 1851 cationesque
459 1752 673 1838 denominat,
707 1751 770 1824 sed'
798 1751 848 1822 uti
874 1749 954 1823 talis
986 1750 1222 1850 quadantenus
1249 1777 1329 1824 esse

213 1868 414 1967 spectanda,
435 1864 549 1968 utpote
565 1866 777 1941 clandestine
793 1880 895 1964 supue
912 1864 1037 1938 idcireo
1063 1881 1240 1965 suspectu3
1259 1890 1330 1965 qus

211 1984 255 2055 de
279 2009 383 2059 causa
407 1984 454 2055 sit
474 1997 703 2080 praesumptu,
728 1983 840 2086 potitus
863 2007 964 2079 quum
987 1980 1138 2078 legitima
1157 1982 1331 2056 matrimu-

212 2092 270 2171 'nis
285 2102 349 2194 (t).
368 2098 555 2172 Posteriora
571 2112 681 2169 sutem
698 2096 801 2169 verba
820 2099 973 2168 evenant
994 2121 1133 2194 prorsus
1150 2095 1234 2169 Curii
1251 2123 1331 2172 sen-

212 2210 370 2300 tentiam,
398 2214 479 2285 dum
500 2213 544 2287 iis
561 2211 745 2285 affirmetur
768 2238 848 2286 vers
865 2238 942 2286 esse
958 2212 1115 2309 coniugio
1131 2211 1191 2287 illu
1206 2212 1328 2300 surm,

212 2354 299 2429 quise
315 2329 367 2402 sic
382 2329 506 2402 fuerint
522 2328 701 2416 celebrata,
721 2329 751 2401 si
769 2327 855 2426 ipsis
872 2328 1056 2427 suffruputc
1077 2329 1230 2402 coluntur
1249 2356 1329 2428 pro-

208 2447 286 2541 priu
303 2446 423 2544 suerit,
440 2457 470 2514 et
481 2459 557 2514 cota
569 2446 789 2515 succurrerint
807 2443 963 2540 ispitimu.
980 2442 1089 2543 Atque
1106 2443 1187 2517 binc
1202 2443 1328 2518 iactum

212 2574 279 2644 est,
307 2575 345 2630 ut
368 2558 411 2630 ab
436 2559 612 2656 oppositae
637 2557 823 2631 sententiae
856 2559 1005 2657 patronis
1030 2584 1092 2660 pro
1117 2585 1154 2633 se
1176 2558 1329 2635 udduoe

212 2688 327 2745 rentur
346 2677 411 2767 (t).
433 2673 538 2769 igitur
562 2689 595 2745 et
620 2672 677 2744 bic
697 2689 806 2745 texum
831 2675 951 2772 utpote
968 2673 1082 2748 minus
1104 2675 1247 2749 idoneus
1271 2701 1328 2750 se-

212 2788 388 2888 ponendus
414 2804 476 2860 est.

219 2950 222 2955 ’
241 2946 244 2951 ’
277 2923 319 3022 ts)
337 2959 424 3023 tisipsa
435 2973 479 3023 per
489 2972 576 3009 vocem
589 2957 756 3022 tlleuttimum
769 2961 836 3010 haud
852 2962 920 3012 illico
931 2962 1060 3026 significari
1072 2961 1256 3013 matrimonium
1269 2964 1330 3012 irri-

211 3042 267 3090 tum
275 3052 307 3090 ae
314 3038 430 3100 nultum,
438 3037 481 3090 sci
490 3040 569 3090 sehim
576 3039 703 3091 illicitum
711 3055 727 3090 s
736 3041 867 3104 veteribus,
874 3043 968 3093 nmdiu
978 3042 1255 3094 momenmentum
1261 3045 1328 3095 xiv.

214 3123 251 3171 lta
265 3121 365 3187 syuodo
380 3120 423 3171 tio.
440 3123 506 3171 vili.
525 3135 547 3170 e.
559 3123 613 3173 iiii.
626 3134 652 3171 n.
665 3129 687 3172 5.
699 3121 818 3174 scribens:
837 3126 1010 3188 «Quemquam
1029 3123 1103 3175 indie
1122 3124 1224 3177 numine
1244 3124 1329 3181 mubi-

211 3199 288 3251 mcnii
299 3199 409 3261 teutttmi
418 3201 444 3249 et
451 3212 501 3249 non
511 3202 564 3249 rati
571 3202 734 3250 communiter
741 3201 906 3262 intelligemus
914 3203 1096 3254 matrimonium
1105 3202 1257 3266 infidelium,
1268 3202 1328 3254 elim

212 3279 293 3326 umen
304 3290 320 3325 a
331 3277 392 3326 iuris
400 3277 512 3327 cononici
523 3277 606 3340 peritis
616 3279 689 3328 mum
702 3279 765 3329 inter
776 3281 933 3331 matrimonio
947 3281 1057 3331 fidetium
1072 3281 1147 3332 inisse
1159 3282 1223 3332 hese
1232 3281 1328 3333 adbibi-

213 3359 264 3417 bur
279 3355 474 3418 distinctionem,
492 3359 521 3409 ut
540 3357 588 3408 sliu
603 3357 741 3411 dicerentur
759 3359 915 3423 leptttmuct
928 3362 1328 3425 communiscomnunis

214 3449 266 3511 ripn
278 3435 405 3510 leptttmm
416 3437 484 3486 testis
492 3439 531 3487 est
540 3439 685 3505 Gratianus,
696 3439 775 3504 quiin
786 3441 835 3490 fine
843 3443 938 3506 quaest.
952 3442 1235 3506 nonnunqum
1244 3443 1329 3493 ccum·

212 3515 261 3579 gris·
271 3516 381 3581 iideiium
393 3517 454 3566 lusce
467 3518 577 3580 scripsit:
591 3521 704 3568 «Horum
719 3521 840 3584 quaedam
851 3523 908 3571 sunt
917 3521 1025 3585 legitime
1034 3522 1113 3574 verrii
1121 3536 1176 3572 enm
1187 3536 1253 3573 uxor
1261 3536 1278 3574 ι
1286 3536 1328 3587 pu·

212 3595 321 3647 ruribus
331 3596 451 3659 truditur,
464 3597 689 3660 sspnnsouotstnr
698 3602 724 3650 et
733 3613 749 3653 a
758 3601 885 3657 secerdote
895 3601 1060 3666 benedictum
1071 3604 1131 3655 boec
1139 3603 1200 3659 uiti
1211 3604 1328 3668 uniente

213 3675 322 3738 legitima
333 3677 358 3727 et
369 3677 423 3727 rste
433 3676 599 3740 appellantur:
614 3677 712 3729 illorum
726 3693 784 3732 vero
796 3681 922 3745 coniugis,
930 3682 983 3746 qui,
994 3684 1141 3747 contemptis
1150 3683 1266 3743 simibus
1277 3684 1328 3737 iiis

214 3754 421 3818 solemnitatibus,
439 3756 494 3806 sete
511 3757 599 3808 uiiectu
615 3758 723 3822 aliquem
740 3759 786 3810 sibi
799 3759 823 3811 in
835 3760 962 3825 coniugem
975 3763 1104 3826 copulent,
1116 3760 1258 3813 huiusmodi
1269 3774 1326 3814 eon·

212 3836 305 3899 ιιιςὶιιω
325 3849 377 3886 nou
395 3836 559 3900 tectttntumr
571 3837 614 3889 sed
632 3842 724 3890 ratum
739 3841 911 3893 tntummodo
931 3855 984 3893 esse
998 3842 1327 3896 crmmrrruetrritmn

212 3917 256 3967 sed
272 3917 394 3967 illicitum.
407 3919 432 3967 Si
449 3918 553 3982 proinde
564 3919 684 3969 eiusmodi
698 3920 811 3983 coniugis
826 3921 886 3971 initu
896 3922 949 3973 sine
959 3922 1093 3974 sacerdotis
1106 3922 1276 3974 benedictione
1286 3936 1327 3974 va·

213 3996 264 4046 lids
272 4000 341 4050 sunt:
353 4011 410 4061 ergo
421 3997 554 4048 sacerdotis
564 3997 702 4049 benedictio
711 4012 759 4049 non
767 4002 897 4063 spectutsd
908 4003 1037 4053 msenfimn
1047 4003 1204 4067 mouumenti,
1215 4017 1262 4054 nec
1271 4017 1327 4068 pro·

213 4076 271 4127 inde
282 4077 350 4128 iuxta
360 4078 616 4141 manumiserimus,
625 4079 697 4129 cuius
707 4079 783 4130 verbs
791 4081 832 4131 iric
841 4081 1009 4146 adducuntur,
1016 4083 1131 4135 sacerdos
1136 4085 1325 4135 estsrerumesti

212 4157 361 4207 matrimonii
373 4158 492 4208 minister.

285 4236 320 4299 (e)
334 4237 372 4287 ci.
386 4237 472 4287 enses
486 4237 530 4287 cit.
547 4239 667 4301 meruit
686 4243 805 4291 canonio
819 4244 867 4292 etc.
881 4244 940 4294 tom.
953 4246 973 4292 Ι.
986 4243 1097 4294 Distribs
1108 4247 1138 4296 v.
1151 4247 1190 4296 Bt
1201 4244 1325 4298 amatr

214 4319 314 4380 nuptiis
325 4329 379 4379 pag.
389 4324 442 4367 256.
