2872 5062
283 379 352 427 cnr,
366 374 663 426 senatuconsulto
681 373 760 424 naon
772 375 812 423 ns
830 372 1126 425 sursumsunt.
1205 353 1271 422 351

161 500 317 583 mittant;
343 495 636 596 punitionemque,
659 508 717 566 aut
733 493 919 568 molestiam
940 492 1004 564 hac
1026 491 1069 565 de
1088 516 1192 566 eausa
1208 494 1277 566 eui·

158 639 264 713 quam
282 611 444 695 asserant,
466 608 526 682 sed
545 610 656 708 potius
674 624 822 682 tutentur
838 608 1002 683 adversus
1020 607 1272 706 impedimenta,

160 734 250 827 quae
267 726 326 801 alii
345 725 499 799 homines
526 725 635 797 modis
661 724 797 797 iniustis
823 741 963 822 possent
982 724 1114 798 afferre.
1136 722 1227 797 Haec
1244 738 1278 797 et

161 869 229 916 non
254 842 323 915 alia
348 858 400 914 est
425 841 572 939 genuina
599 841 759 913 libertatis
787 842 997 913 conscientiae
1021 841 1143 926 virtus,
1173 864 1275 938 quam

160 983 261 1031 nemo
277 956 313 1028 in
330 954 472 1028 dubium
491 980 646 1028 revocare
665 970 785 1054 potest.
810 956 894 1027 Nam
913 981 994 1053 prae
1011 951 1141 1026 iuribus
1167 953 1276 1026 omni-

160 1072 240 1158 hus,
253 1071 377 1171 quibus
389 1070 491 1144 homo
504 1071 624 1143 fruitur
636 1087 887 1144 sacrosanctum
900 1087 952 1144 est
964 1068 1163 1169 illud,quod
1174 1067 1278 1141 hahet

159 1186 267 1261 libere
280 1185 499 1260 satisfacendi
512 1184 787 1282 obligationibus,
804 1212 890 1285 quas
908 1187 939 1258 ei
957 1183 1164 1258 conscientia
1179 1208 1277 1283 prae-

161 1303 218 1377 het
241 1327 282 1376 ae
307 1302 463 1400 imponit.
479 1303 537 1375 lus
554 1301 645 1374 istud
664 1301 783 1375 violari
806 1303 923 1402 nequit
950 1301 993 1374 ab
1019 1299 1088 1374 ulla
1114 1299 1187 1396 lege
1211 1297 1275 1372 suh

164 1417 287 1517 quovis
309 1432 498 1515 praetextu.
744 1413 745 1417 ’
852 1502 857 1512 s

235 1531 366 1605 Exinde
392 1533 545 1631 sequitur
566 1547 763 1630 potestatem
781 1531 914 1605 civilem
932 1533 1030 1606 toties
1047 1530 1197 1628 legibus,
1218 1544 1278 1602 aut

163 1649 250 1721 actis
277 1647 349 1721 suis
371 1645 506 1721 laedere
529 1647 717 1720 libertatem
739 1647 983 1732 conscientiae,
1004 1646 1136 1745 quoties
1154 1645 1210 1719 his
1228 1643 1277 1716 le-

163 1757 285 1859 gibus,
315 1778 374 1834 aut
399 1762 484 1834 actis
508 1786 549 1834 ex
574 1787 612 1834 se
637 1777 694 1834 aut
718 1789 759 1835 ex
784 1761 1020 1846 consectariis
1053 1785 1141 1860 quae
1165 1785 1207 1833 ex
1231 1759 1276 1830 iis

166 1893 391 1977 promanant,
429 1878 519 1951 cives
547 1877 581 1949 in
617 1905 657 1951 ea
690 1877 881 1952 conditione
914 1877 1105 1964 constituit,
1140 1891 1178 1948 ut
1209 1900 1275 1947 non

166 1994 303 2092 possint
323 1992 422 2092 plene
440 2019 479 2066 ac
496 1992 601 2066 libere
620 1994 814 2068 satisfacere
830 1992 1105 2090 obligationibus,
1122 2017 1208 2090 quas
1225 1991 1278 2064 eis

163 2107 374 2181 conscientia
406 2106 629 2207 praescribit,
658 2133 719 2180 seu
753 2134 819 2181 non
850 2107 983 2206 possint
1006 2132 1064 2179 eas
1090 2105 1276 2204 adimplere

162 2223 246 2322 quin
274 2224 416 2323 poenis,
446 2220 742 2309 insectationibus,
773 2222 907 2294 damnis
933 2237 991 2293 aut
1014 2219 1178 2294 molestiis
1203 2220 1276 2318 qui·

160 2336 374 2438 bustumque
398 2336 632 2410 subiiciantur.

232 2454 391 2552 Sequitur
416 2468 587 2551 praeterea
612 2478 652 2525 ex
673 2453 752 2526 data
771 2454 935 2527 libertatis
960 2453 1188 2526 conscientiae
1212 2475 1274 2525 no—

161 2570 269 2655 tione,
296 2569 461 2643 eiusmodi
487 2568 673 2642 libertatem
700 2596 889 2669 supponere
905 2570 1127 2667 obligationes
1145 2566 1277 2665 religio

161 2710 218 2757 sas
242 2682 467 2771 nemorales,
494 2683 617 2783 quihus
644 2684 870 2784 adimplendis
895 2687 1014 2772 homo,
1035 2701 1092 2759 aut
1116 2685 1201 2759 civis
1228 2701 1278 2757 te·

160 2816 298 2887 neatur;
312 2800 438 2900 quoad
464 2826 522 2874 eos
547 2826 654 2887 vero,
688 2803 747 2899 qui
773 2802 969 2903 profitentur
994 2801 1273 2885 incredulitatem,

161 2915 352 2990 reiicientcs
378 2918 528 2990 cuiusvis
554 2917 726 3014 religionis
756 2919 953 3005 veritatem,
982 2918 1075 2991 nulla
1101 2917 1200 2990 datur
1224 2941 1277 2989 re-
1344 2992 1347 2999 ,

160 3029 282 3126 ligiosa
307 3032 533 3104 conscientiae
556 3030 715 3118 libertas;
745 3032 914 3132 siquidem
936 3030 1063 3104 nullam
1089 3044 1276 3127 agnoscunt

161 3145 419 3242 obligationem,
449 3149 504 3220 cui
526 3163 702 3220 tencantur
727 3176 767 3221 ex
794 3150 1000 3223 conscientia
1021 3146 1225 3220 satisfacere,

234 3260 308 3346 Quo
336 3262 502 3361 principio
528 3263 728 3337 inconcusso
755 3264 980 3362 praestituto,
1015 3261 1142 3361 inquiri
1168 3275 1278 3360 potest

159 3400 198 3449 ac
225 3373 344 3462 debet,
371 3393 483 3449 utrum
513 3378 605 3474 leges
631 3378 746 3451 civiles
771 3379 915 3452 debeant
940 3377 1066 3449 inllecti
1091 3392 1192 3477 atque
1221 3402 1279 3451 ae

158 3490 366 3563 commodari
386 3492 477 3565 iuxta
495 3494 619 3566 civium
638 3493 850 3590 religionem,
871 3492 1175 3591 obligationesque,
1192 3519 1280 3592 quas

159 3603 219 3676 illa
244 3605 409 3704 imponit,
430 3632 569 3680 ansero
591 3608 709 3704 religio
733 3624 834 3707 atque
850 3609 1072 3706 obligationes
1098 3608 1278 3706 religiosae

157 3718 306 3791 debeant
330 3745 368 3793 se
389 3721 577 3808 inflectere,
604 3739 637 3794 et
660 3723 868 3797 conformare
887 3722 1019 3820 legibus
1046 3723 1215 3797 ciuilibus.
1238 3723 1278 3793 ln

156 3833 264 3931 priori
292 3833 473 3934 hypothesi
500 3837 618 3933 religio
644 3838 682 3910 fit
706 3838 839 3935 legibus
865 3839 1022 3913 civilibus
1044 3839 1215 3939 superior,
1237 3837 1279 3907 il-

156 3947 280 4047 laeque
300 3949 424 4024 debent
441 3952 520 4025 huic
537 3953 680 4040 subiici;
702 3957 737 4027 in
754 3958 931 4055 posteriori
955 3973 1066 4030 autem
1093 3954 1273 4054 hypothesi

157 4063 250 4162 leges
277 4067 395 4141 civiles
422 4068 674 4144 dominarentur
699 4073 878 4170 religioni,
899 4101 987 4173 quae
1004 4073 1072 4145 illis
1091 4097 1208 4170 parere
1229 4085 1279 4143 te-

157 4193 309 4252 neretur.
336 4181 462 4282 Ecquis
490 4209 589 4283 porro
614 4212 718 4260 sanae
742 4189 877 4274 mentis,
899 4189 984 4262 etin
1004 4212 1072 4286 quo
1098 4184 1278 4283 religiosus

159 4319 285 4369 sensus
302 4299 467 4374 extinctus
490 4327 629 4399 prorsus
643 4330 709 4377 non
723 4305 788 4391 sit,
806 4303 944 4378 haerere
965 4319 1080 4403 posset
1100 4317 1133 4376 et
1152 4327 1278 4402 anceps
