2872 5062
161 370 206 440 60
342 377 413 438 'mn
436 384 566 437 11111.
589 387 611 436 1:
635 385 674 434 nr
700 383 830 434 unrnru.
853 380 1067 434 snamuertro.

159 505 242 606 quid
267 505 426 605 ponderis
446 505 584 577 haberet
604 503 686 575 Cani
713 502 936 590 ratiocinatio,
966 516 1162 600 sequeretur
1182 502 1277 577 iuxta·

160 620 365 693 Paludanum
383 644 444 692 nec
461 620 573 717 ipsum
590 618 794 716 baptismum
804 643 828 715 *a
845 617 937 691 laico
947 632 1119 715 peccatore
1128 616 1279 689 'admini-¹

160 751 301 809 stratum
325 735 361 807 in
386 733 585 807 necessitate
608 732 679 805 iore
696 730 845 805 validum
870 748 903 805 et
927 748 1185 804 sacramentum.
1208 733 1275 805 Sed

159 865 307 948 praestat
324 848 475 921 eiusdem
493 847 656 920 Paludani
681 847 783 921 verba
804 846 994 920 describere
1011 845 1054 919 ad
1072 831 1276 920 omnem'ra·

158 964 357 1038 movendam
375 962 643 1059 ambiguitatem:
668 964 869 1036 «Praeterea
887 989 954 1035 uon
970 961 1103 1034 videtur
1115 977 1126 1048 ,’
1144 961 1271 1060 inquit,

159 1079 251 1178 quod
269 1093 424 1178 peccator
440 1078 642 1151 contrahens
660 1077 907 1151 matrimonium
924 1091 1055 1176 peccet,
1068 1101 1143 1148 cum
1161 1091 1273 1149 tamen

159 1193 308 1266 essentia
324 1192 527 1267 matrimonii
545 1192 709 1267 consistat
726 1191 760 1262 in
779 1206 894 1287 mutuo
912 1216 1079 1264 consensu
1096 1215 1157 1288 per
1172 1189 1275 1264 verba

159 1307 260 1379 unius
285 1306 381 1381 alteri
405 1332 580 1405 expressa:
604 1309 655 1379 hic
672 1308 758 1378 enim
775 1331 945 1378 consensus
963 1319 1200 1378 sacramentum
1215 1307 1275 1376 mi·

158 1422 298 1505 nistret,
326 1447 390 1492 non
414 1435 521 1494 eutem
539 1421 687 1494 sacerdos
714 1419 915 1504 benedicens,
945 1420 1004 1519 qui
1029 1419 1138 1492 solum
1163 1443 1274 1492 saera·

159 1536 304 1610 mentale
327 1536 498 1636 quoddam
520 1536 659 1610 adhibet
675 1539 788 1632 (16).u
873 1579 876 1583 ν

231 1649 319 1722 Illud
343 1650 461 1748 igitur:
482 1653 536 1724 uir
557 1666 588 1723 et
605 1651 747 1749 foemina
769 1651 909 1722 ciuiliter
934 1650 1141 1732 contrahunt,
1167 1637 1274 1722 ¹solius

158 1780 210 1838 est
222 1762 320 1851 Cani,
342 1790 408 1837 non
427 1780 537 1838 autem
556 1763 736 1852 Paludani,
757 1764 816 1863 qui
834 1763 1048 1837 affirmateos
1061 1751 1270 1848 contrahere,

161 1878 229 1951 imo
250 1893 284 1952 et
302 1878 533 1952 administrare
556 1893 794 1952 sacramentum
810 1906 870 1977 per
887 1893 1038 1951 mutuum
1053 1904 1270 1968 consensum.

160 1996 331 2066 Postrema
354 2001 465 2068 autem
489 1995 612 2082 verba,
639 2021 728 2094 quaa
748 2021 789 2069 ex
810 1994 982 2067 Paludano
1003 1994 1206 2067 adduximus
1231 1993 1276 2066 de

160 2108 335 2183 sacerdote
362 2109 600 2198 benedicente,
635 2113 694 2208 qui
720 2111 825 2183 solum
849 2109 1089 2188 sacramentale,
1113 2096 1277 2206 quoddam

158 2223 309 2309 adhibet,
331 2225 536 2323 patefaciunt
555 2251 692 2298 sensum
710 2225 745 2297 in
762 2251 831 2324 quo
846 2240 993 2311 veteres,
1011 2223 1059 2296 uti
1076 2211 1274 2296 Guilielmus

157 2338 356 2436 parisiensis
376 2338 503 2439 aliique
528 2339 695 2412 interdum
716 2354 838 2412 vocant
861 2353 1114 2424 sacramentum,
1141 2352 1199 2409 aut
1222 2363 1277 2410 su-

160 2453 355 2527 crumentuie
367 2452 633 2525 benedictionem
644 2451 886 2525 sacerdotalem
896 2451 1067 2549 innuptiis
1077 2444 1270 2547 iungendis.

231 2566 302 2639 Hac
314 2566 432 2638 eadem
449 2566 567 2665 phrasi
580 2593 665 2639 usus
678 2582 730 2639 est
742 2592 771 2639 s.
784 2565 942 2655 Thomas,
952 2555 1014 2665 qui
1024 2554 1276 2664 pariteraCauo

156 2679 206 2751 uti
219 2695 366 2752 assertor
374 2681 558 2753 sententiae
571 2706 653 2754 suae
662 2680 717 2753 his
726 2680 837 2754 verbis
849 2680 1017 2754 laudatur:
1032 2670 1276 2754 (1111101111ι

157 2819 243 2881 mas,
260 2793 338 2866 licet
349 2793 384 2864 in
398 2794 573 2892 scripturis
588 2819 782 2869 communes
793 2794 861 2866 sere
875 2794 1050 2893 opiniones
1064 2809 1274 2892 sequeretur,

156 2909 325 2980 aneritate
339 2905 467 2979 tandem
486 2912 634 2992 coactus,
655 2923 783 2980 nostrae
805 2910 952 3006 opinioni
966 2909 1173 3006 subscripsit.
1190 2900 1274 2980 Ciam

157 3023 248 3094 enim
273 3023 308 3095 in
336 3023 369 3094 1.
391 3022 471 3095 dist.
495 3026 528 3094 1.
550 3050 584 3122 q.
608 3026 642 3095 1.
665 3039 727 3095 art.
751 3026 784 3094 3.
805 3022 977 3096 docuisset
996 3022 1098 3096 verba
1123 3023 1158 3094 in
1183 3023 1273 3095 omni

157 3153 366 3211 sacramento
392 3138 585 3212 necessaria
612 3165 707 3225 esse,
735 3138 853 3237 quinto
878 3137 913 3209 id
938 3151 1133 3234 argumento
1158 3132 1274 3237 impu-

98 3335 100 3338 ,
157 3251 272 3348 gnavit
295 3252 331 3323 in
356 3251 448 3325 huno
468 3253 616 3326 modum.
634 3254 842 3327 Paenitentia
865 3268 899 3327 et
919 3253 1169 3327 matrimonium
1193 3268 1273 3326 sunt

157 3382 383 3438 sacramenta:
408 3366 467 3438 sed
486 3367 529 3440 de
542 3360 738 3465 ‘integritate
759 3394 874 3441 eorum
897 3392 964 3441 non
984 3367 1185 3441 sunt-verba
1210 3367 1272 3441 ali-

156 3506 225 3578 qua
249 3495 311 3552 etc.
334 3480 615 3578 Cuiargumento
639 3483 686 3556 ita
710 3483 847 3583 quidem
871 3482 1059 3581 respondit,
1086 3473 1177 3582 quod
1200 3499 1272 3556 ma-

158 3592 349 3666 trimonium
374 3596 558 3669 secundum
584 3597 682 3697 quod'
695 3587 803 3671 estin
824 3589 995 3685 officium,
1014 3612 1047 3670 at
1067 3596 1271 3696 poenitentia

156 3708 342 3783 secundum
355 3711 446 3809 quod
459 3719 511 3785 est
522 3712 643 3801 virtus,
659 3739 727 3786 non
740 3712 867 3785 habent
883 3712 1030 3813 aliquam
1044 3713 1186 3786 formam
1197 3739 1272 3787 ver·
1297 3726 1300 3732 “

61 3816 69 3824 ’
155 3815 299 3898 borum:
319 3815 392 3899 ‘sed
418 3827 604 3901 secundum
629 3828 720 3927 quod
745 3845 924 3929 utrumque
949 3845 1000 3902 est
1024 3844 1270 3902 sacramentum

155 3941 191 4010 in
212 3939 448 4038 dispensatione
472 3945 695 4014 ministrorum
715 3944 865 4016 ecclesiae
884 3947 1073 4030 consistens,
1090 3951 1275 4044 utrumque

155 4054 257 4128 habet
282 4056 397 4156 aliqua
423 4057 537 4131 verba.
564 4058 733 4132 Hactenus
759 4060 794 4131 d.
821 4061 978 4134 Thomas.
1000 4060 1043 4133 Et
1070 4062 1106 4132 t:
1128 4058 1188 4131 lib.
1210 4059 1269 4131 ad-

154 4194 272 4243 versus
291 4186 407 4269 gentes
433 4199 463 4244 e.
489 4175 547 4246 78.
565 4198 631 4245 non
654 4173 750 4246 aliter
780 4174 876 4248 docet
906 4175 1042 4274 nuptias
1078 4200 1268 4249 sacramen·

226 4320 276 4384 (16)
293 4324 322 4372 ln
332 4325 355 4373 1.
367 4322 423 4374 (1111.
437 4330 459 4374 5.
473 4337 498 4386 q.
512 4331 534 4374 2.
548 4323 591 4373 fol.
604 4331 643 4375 11.
654 4338 724 4375 verso
736 4325 783 4375 cot.
798 4332 819 4376 1.
831 4334 852 4376 2.
