2872 5062
370 376 438 425 car.
459 376 494 425 ιι.
516 377 555 426 ιι
578 377 672 426 uara.
694 377 756 426 cru.
775 377 859 426 onro.
878 377 915 426 ur
931 377 1041 426 aanor.
1196 357 1263 426 279

497 637 500 644 .
574 594 781 651 lantelmus
801 590 852 653 111.

156 780 334 845 Matrimonii
344 780 576 849 oiviltsdtlatatio
585 788 614 840 et
623 799 790 858 progressos
801 799 906 860 magna
916 800 950 844 ex
961 789 1042 860 parte
1054 783 1269 861 inorednllsmo,

307 883 518 941 communtsmo
537 888 566 940 et
585 882 750 941 socialismo
770 882 889 941 debetur
909 885 1007 958 eisque
1027 882 1117 941 favet.
1189 963 1191 968 ,

232 1074 323 1146 Licet
342 1101 364 1147 a
384 1076 672 1174 protestantismo,
693 1077 783 1148 utin
801 1075 940 1149 articulo
965 1076 1129 1174 superiori
1155 1093 1268 1148 osten-

159 1190 294 1276 dimus,
332 1186 521 1289 nuptiarum
555 1191 704 1263 civilium
730 1191 824 1287 origo
861 1193 906 1263 sit
936 1191 1179 1288 agnoscenda,
1217 1192 1269 1262 ni-

160 1300 344 1377 hilominus
368 1302 454 1377 inter
477 1304 660 1380 catholicos
685 1306 821 1379 morbus
847 1306 903 1378 hic
928 1307 1135 1404 epidemicns
1155 1308 1266 1380 nullos

160 1434 220 1491 aut
255 1419 323 1492 lere
352 1417 460 1494 nullos
490 1421 677 1509 infecisset,
710 1421 775 1494 nisi
802 1423 849 1494 ita
874 1439 1085 1522 nuncupatae
1110 1423 1268 1495 reforma-

160 1533 252 1606 tioni·
276 1545 446 1633 tamquam
481 1535 660 1609 auxiliares
690 1537 807 1635 copias
836 1563 873 1610 se
908 1563 945 1610 se
980 1538 1184 1611 adiecissent
1217 1538 1269 1607 in-

160 1645 317 1734 creduli,
346 1649 469 1721 deinde
492 1675 571 1723 vero
600 1639 843 1723 communistae
867 1677 907 1725 ac
933 1652 1135 1725 socialistae.
1155 1652 1268 1750 Siqui-

158 1761 236 1834 dem
261 1787 302 1834 ex
327 1761 469 1836 historia
500 1780 704 1864 compertum
736 1782 808 1852 est,
844 1766 1027 1838 catholicos
1057 1765 1100 1838 ab
1129 1766 1269 1838 initioa

157 1873 459 1951 communicatione
482 1904 559 1951 oum
585 1880 763 1953 haereticis
797 1881 1057 1980 protestantibus
1080 1880 1269 1954 abhorruis-

158 2017 216 2078 sa,
243 1993 383 2090 atquin
409 1992 542 2066 illorum
568 1995 754 2081 erroribus,
783 1995 1028 2069 conversationi
1054 2020 1094 2069 ac
1118 1995 1269 2069 moribus

158 2131 237 2179 sone
270 2107 577 2194 accommodarent,
606 2106 648 2179 ab
674 2108 718 2180 iis
743 2107 853 2208 potius
885 2109 1030 2181 maxime
1054 2110 1210 2195 cauisse,
1239 2109 1268 2180 si

158 2220 359 2321 depravatos
372 2222 551 2296 nonnullos
564 2222 739 2310 homines,
755 2225 815 2322 qui
829 2249 1012 2323 numquam
1024 2224 1164 2309 desunt,
1180 2224 1270 2295 exci-

157 2333 365 2434 pissidiae
394 2337 544 2424 nullum,
573 2354 630 2410 aut
654 2338 723 2410 lere
748 2338 877 2410 nullum
903 2339 1066 2411 inlluxum
1091 2339 1127 2408 in
1152 2337 1269 2411 catho-

158 2453 244 2526 licos
259 2451 453 2526 habuerunt
472 2469 709 2552 protestantes,
731 2455 796 2528 hac
813 2456 932 2528 saltem
949 2480 990 2526 ex
1007 2470 1114 2553 parte.
1132 2455 1174 2526 Et
1188 2479 1271 2529 sane

158 2564 226 2670 per*
243 2569 310 2641 tria
333 2569 438 2642 ferme
463 2570 597 2642 saecula
614 2570 650 2640 in
669 2570 862 2667 regionibus
884 2571 1059 2644 catholicis
1077 2595 1164 2670 pene
1179 2571 1272 2667 igno·

159 2683 321 2756 rabuntur
343 2683 397 2756 rel
422 2684 499 2782 ipsa
524 2680 755 2781 coniugiorum
781 2712 871 2759 mere
896 2686 1044 2760 ciuilium
1070 2683 1267 2772 existentia,

158 2813 193 2870 et
217 2824 349 2871 nornen.
383 2798 492 2871 Huius
519 2801 567 2871 rei
591 2817 694 2888 testes
711 2802 844 2875 ‘saltem
874 2802 1036 2875 indirecte
1060 2801 1276 2902 appellamus

159 2928 209 2986 tot
233 2912 522 2987 illos-catholicos·
541 2909 739 3014 scripturae,
759 2918 819 3046 qui
840 2916 1123 3015 locupletissimos
1140 2917 1183 2988 de
1199 2940 1271 2985 ma-

158 3021 316 3104 trimoaio
331 3023 496 3103 tractatus
516 3031 709 3118 ediderunt,
739 3033 823 3131 quin
847 3057 1007 3130 umquam
1037 3032 1080 3103 de
1105 3023 1270 3102 eiusmodi

156 3144 326 3274 opningiis
351 3137 595 3234 disseruerint,
615 3148 705 3246 quod
730 3162 819 3219 certe
844 3147 953 3219 lacere
970 3170 1037 3219 noa
1053 3145 1278 3230 omisissent·

158 3259 194 3331 si
211 3284 258 3333 ea
281 3253 385 3358 apud
395 3255 581 3334 catholicos
607 3260 731 3332 alicubi
757 3276 836 3332 nota
860 3261 1016 3333 luissent.

231 3375 464 3447 Distinxerunt
477 3374 526 3446 illi
539 3375 678 3474 quidem
691 3392 859 3448 commum
849 3373 1000 3447 calculo
1011 3399 1087 3445 cum
1101 3399 1130 3446 s.
1143 3366 1270 3444 Thoma

160 3489 194 3561 in
218 3490 433 3564 matrimonio
457 3491 602 3590 officinm
625 3486 780 3574 nctcrco',
808 3484 954 3589 officium
980 3489 1219 3562 communitatis
1243 3504 1274 3560 et

157 3597 399 3677 oomcmootuia
414 3608 503 3719 (33),
517 3606 563 3677 de
579 3630 647 3716 qua
663 3604 879 3678 distinctione
893 3620 927 3676 et
948 3627 1010 3677 nos
1028 3596 1095 3703 ipsi
1115 3624 1179 3677 sno
1198 3601 1278 3675 loco·

160 3710 391 3834 disseramus,
419 3714 565 3793 attamen
590 3709 633 3792 de
657 3720 813 3817 coniugio
839 3745 930 3792 mera
955 3712 1081 3793 cirili
1072 3734 1158 3798 inter
1182 3708 1277 3789 οιιιί-Ι

160 3826 314 3920 atianos,
342 3856 383 3907 eo
408 3860 531 3908 sensu
527 3861 605 3936 quo
630 3856 723 3907 nune
744 3834 907 3921 sumitur,
936 3851 1120 3932 numquam
1146 3821 1274 3904 serino-

161 3974 240 4035 pem
265 3949 493 4022 instituerunt.
515 3950 570 4023 Sic
587 3951 709 4023 etiam
705 3939 840 4048 passim
865 3964 1004 4047 egerunt
1029 3948 1071 4020 de
1090 3945 1278 4018 effectibus·

161 4052 339 4152 civilibus,
364 4053 464 4163 prout
489 4066 636 4195 nuptiae
651 4064 756 4136 initae
780 4064 905 4137 luerint
921 4088 982 4136 aec
1000 4088 1043 4134 ne
1059 4051 1102 4133 ad
1120 4077 1278 4133 normam

160 4175 330 4251 ciuilium
325 4178 465 4277 legum3
472 4179 626 4286 minime
642 4205 721 4252 vero
738 4179 840 4253 locuti
857 4179 901 4253 de
918 4175 1085 4273 coniugali
1103 4189 1274 4248 contractu

236 4327 287 4392 (ιι)
304 4316 1173 4394 cota.caann.1r.ap.a;oseposta-:asmantiae
1208 4306 1222 4319 ”
1242 4334 1246 4340 ·
1271 4334 1275 4339 ·
