<?xml version="1.0" encoding="UTF-8"?>
<!DOCTYPE html PUBLIC "-//W3C//DTD XHTML 1.0 Transitional//EN"
    "http://www.w3.org/TR/xhtml1/DTD/xhtml1-transitional.dtd">
<html xmlns="http://www.w3.org/1999/xhtml" xml:lang="en" lang="en">
 <head>
  <title>
</title>
<meta http-equiv="Content-Type" content="text/html;charset=utf-8" />
  <meta name='ocr-system' content='tesseract 3.04.00' />
  <meta name='ocr-capabilities' content='ocr_page ocr_carea ocr_par ocr_line ocrx_word'/>
</head>
<body>
  <div class='ocr_page' id='page_1' title='image "./dematrimoniochr00perrgoog_0024.png"; bbox 0 0 2872 5062; ppageno 0'>
   <div class='ocr_carea' id='block_1_1' title="bbox 688 485 742 556">
    <p class='ocr_par' dir='ltr' id='par_1_1' title="bbox 688 485 742 556">
     <span class='ocr_line' id='line_1_1' title="bbox 688 485 742 556; baseline 0 0"><span class='ocrx_word' id='word_1_1' title='bbox 688 485 742 556; x_wconf 77' lang='lat' dir='ltr'><strong>nil</strong></span> 
     </span>
    </p>
   </div>
   <div class='ocr_carea' id='block_1_2' title="bbox 146 642 1184 772">
    <p class='ocr_par' dir='ltr' id='par_1_2' title="bbox 146 642 1184 772">
     <span class='ocr_line' id='line_1_2' title="bbox 146 642 1184 772; baseline 0.008 -8"><span class='ocrx_word' id='word_1_2' title='bbox 146 647 148 651; x_wconf 68' lang='grc'>’</span> <span class='ocrx_word' id='word_1_3' title='bbox 213 642 689 770; x_wconf 84' lang='lat' dir='ltr'><strong>MATRIMONIO</strong></span> <span class='ocrx_word' id='word_1_4' title='bbox 742 648 1184 772; x_wconf 79' lang='lat' dir='ltr'><strong>cuulsilillo</strong></span> 
     </span>
    </p>
   </div>
   <div class='ocr_carea' id='block_1_3' title="bbox 581 858 819 878">
    <p class='ocr_par' dir='ltr' id='par_1_3' title="bbox 581 858 819 878">
     <span class='ocr_line' id='line_1_3' title="bbox 581 858 819 878; baseline -0.004 0"><span class='ocrx_word' id='word_1_5' title='bbox 581 858 819 878; x_wconf 44' lang='grc' dir='ltr'><strong>μω·-</strong></span> 
     </span>
    </p>
   </div>
   <div class='ocr_carea' id='block_1_4' title="bbox 389 957 949 1168">
    <p class='ocr_par' dir='ltr' id='par_1_4' title="bbox 389 957 949 1168">
     <span class='ocr_line' id='line_1_4' title="bbox 389 957 949 1031; baseline 0.009 -6"><span class='ocrx_word' id='word_1_6' title='bbox 389 973 398 1005; x_wconf 63' lang='lat' dir='ltr'><em>s</em></span> <span class='ocrx_word' id='word_1_7' title='bbox 455 958 666 1030; x_wconf 69' lang='lat' dir='ltr'><strong>LIBER</strong></span> <span class='ocrx_word' id='word_1_8' title='bbox 690 957 949 1031; x_wconf 71' lang='lat' dir='ltr'><strong>PRIMUS</strong></span> 
     </span>
     <span class='ocr_line' id='line_1_5' title="bbox 430 1115 726 1168; baseline 0 0"><span class='ocrx_word' id='word_1_9' title='bbox 430 1122 433 1127; x_wconf 95' lang='lat'>·</span> <span class='ocrx_word' id='word_1_10' title='bbox 677 1115 726 1168; x_wconf 82' lang='lat' dir='ltr'><strong>ne</strong></span> 
     </span>
    </p>
   </div>
   <div class='ocr_carea' id='block_1_5' title="bbox 145 1206 1249 1381">
    <p class='ocr_par' dir='ltr' id='par_1_5' title="bbox 145 1206 1249 1381">
     <span class='ocr_line' id='line_1_6' title="bbox 145 1206 1249 1381; baseline 0.003 -41"><span class='ocrx_word' id='word_1_11' title='bbox 145 1206 397 1347; x_wconf 84' lang='lat' dir='ltr'><strong>lliiilllit</strong></span> <span class='ocrx_word' id='word_1_12' title='bbox 424 1234 674 1343; x_wconf 83' lang='lat' dir='ltr'><strong>titliiiill</strong></span> <span class='ocrx_word' id='word_1_13' title='bbox 709 1235 756 1344; x_wconf 86' lang='lat' dir='ltr'><strong>il</strong></span> <span class='ocrx_word' id='word_1_14' title='bbox 781 1236 842 1344; x_wconf 78' lang='lat' dir='ltr'><strong>&#39;li</strong></span> <span class='ocrx_word' id='word_1_15' title='bbox 863 1236 1109 1345; x_wconf 80' lang='lat' dir='ltr'><strong>iiliiiuit</strong></span> <span class='ocrx_word' id='word_1_16' title='bbox 1126 1234 1249 1381; x_wconf 83' lang='lat' dir='ltr'><strong>iiiiii</strong></span> 
     </span>
    </p>
   </div>
   <div class='ocr_carea' id='block_1_6' title="bbox 405 1513 888 1583">
    <p class='ocr_par' dir='ltr' id='par_1_6' title="bbox 405 1513 888 1583">
     <span class='ocr_line' id='line_1_7' title="bbox 405 1513 888 1583; baseline 0 -4"><span class='ocrx_word' id='word_1_17' title='bbox 405 1543 408 1551; x_wconf 95' lang='lat'>·</span> <span class='ocrx_word' id='word_1_18' title='bbox 513 1513 695 1583; x_wconf 71' lang='lat' dir='ltr'><strong>suello</strong></span> <span class='ocrx_word' id='word_1_19' title='bbox 723 1514 888 1581; x_wconf 76' lang='lat' dir='ltr'><strong>ultius</strong></span> 
     </span>
    </p>
   </div>
   <div class='ocr_carea' id='block_1_7' title="bbox 320 1636 1031 1793">
    <p class='ocr_par' dir='ltr' id='par_1_7' title="bbox 320 1636 1031 1793">
     <span class='ocr_line' id='line_1_8' title="bbox 320 1636 1031 1793; baseline 0 -33"><span class='ocrx_word' id='word_1_20' title='bbox 320 1776 324 1785; x_wconf 46' lang='grc'>,</span> <span class='ocrx_word' id='word_1_21' title='bbox 365 1680 421 1793; x_wconf 83' lang='lat' dir='ltr'><strong>na</strong></span> <span class='ocrx_word' id='word_1_22' title='bbox 443 1683 720 1760; x_wconf 70' lang='lat' dir='ltr'><strong>unanimum</strong></span> <span class='ocrx_word' id='word_1_23' title='bbox 744 1636 1031 1760; x_wconf 83' lang='lat' dir='ltr'><strong>slenmanro.</strong></span> 
     </span>
    </p>
   </div>
   <div class='ocr_carea' id='block_1_8' title="bbox 211 1857 1151 2067">
    <p class='ocr_par' dir='ltr' id='par_1_8' title="bbox 211 1857 1151 2067">
     <span class='ocr_line' id='line_1_9' title="bbox 597 1857 813 1915; baseline 0.005 -2"><span class='ocrx_word' id='word_1_24' title='bbox 597 1857 762 1915; x_wconf 63' lang='lat' dir='ltr'><strong>vertis}</strong></span> <span class='ocrx_word' id='word_1_25' title='bbox 778 1859 813 1914; x_wconf 90' lang='lat'><strong>1.</strong></span> 
     </span>
     <span class='ocr_line' id='line_1_10' title="bbox 211 1979 1151 2067; baseline 0.001 -28"><span class='ocrx_word' id='word_1_26' title='bbox 211 2011 213 2017; x_wconf 94' lang='lat'>·</span> <span class='ocrx_word' id='word_1_27' title='bbox 254 1992 294 2039; x_wconf 85' lang='lat' dir='ltr'><strong>nn</strong></span> <span class='ocrx_word' id='word_1_28' title='bbox 317 1979 453 2067; x_wconf 76' lang='lat' dir='ltr'><strong>mercuri</strong></span> <span class='ocrx_word' id='word_1_29' title='bbox 473 1992 666 2042; x_wconf 82' lang='lat' dir='ltr'><strong>sacmusnrr</strong></span> <span class='ocrx_word' id='word_1_30' title='bbox 688 1994 721 2042; x_wconf 78' lang='lat' dir='ltr'><strong>nr</strong></span> <span class='ocrx_word' id='word_1_31' title='bbox 742 1995 936 2046; x_wconf 81' lang='lat' dir='ltr'><strong>uararuoruo</strong></span> <span class='ocrx_word' id='word_1_32' title='bbox 953 1995 1151 2044; x_wconf 80' lang='lat' dir='ltr'><strong>numerurm.</strong></span> 
     </span>
    </p>
   </div>
   <div class='ocr_carea' id='block_1_9' title="bbox 259 2123 824 2244">
    <p class='ocr_par' dir='ltr' id='par_1_9' title="bbox 259 2123 824 2244">
     <span class='ocr_line' id='line_1_11' title="bbox 259 2123 824 2244; baseline -0.002 -25"><span class='ocrx_word' id='word_1_33' title='bbox 259 2123 262 2135; x_wconf 50' lang='lat'><em>¹</em></span> <span class='ocrx_word' id='word_1_34' title='bbox 306 2123 308 2127; x_wconf 41' lang='lat'><em>⁷</em></span> <span class='ocrx_word' id='word_1_35' title='bbox 487 2240 489 2244; x_wconf 66' lang='lat'>,</span> <span class='ocrx_word' id='word_1_36' title='bbox 575 2163 783 2221; x_wconf 73' lang='lat' dir='ltr'><strong>marcatus</strong></span> <span class='ocrx_word' id='word_1_37' title='bbox 802 2165 824 2219; x_wconf 87' lang='lat'><strong>1.</strong></span> 
     </span>
    </p>
   </div>
   <div class='ocr_carea' id='block_1_10' title="bbox 341 2296 1062 2470">
    <p class='ocr_par' dir='ltr' id='par_1_10' title="bbox 341 2296 1062 2470">
     <span class='ocr_line' id='line_1_12' title="bbox 341 2296 1062 2371; baseline -0.003 -13"><span class='ocrx_word' id='word_1_38' title='bbox 341 2299 454 2359; x_wconf 89' lang='lat' dir='ltr'><strong>Veritas</strong></span> <span class='ocrx_word' id='word_1_39' title='bbox 475 2298 665 2371; x_wconf 19' lang='lat' dir='ltr'><strong>*sacramenti</strong></span> <span class='ocrx_word' id='word_1_40' title='bbox 694 2298 873 2356; x_wconf 71' lang='lat' dir='ltr'><strong>Matrimonii</strong></span> <span class='ocrx_word' id='word_1_41' title='bbox 901 2296 1062 2357; x_wconf 77' lang='lat' dir='ltr'><strong>ostenditur</strong></span> 
     </span>
     <span class='ocr_line' id='line_1_13' title="bbox 426 2376 950 2470; baseline -0.002 -33"><span class='ocrx_word' id='word_1_42' title='bbox 426 2394 462 2437; x_wconf 79' lang='lat' dir='ltr'><strong>ex</strong></span> <span class='ocrx_word' id='word_1_43' title='bbox 485 2385 622 2470; x_wconf 79' lang='lat' dir='ltr'><strong>perpetua</strong></span> <span class='ocrx_word' id='word_1_44' title='bbox 641 2378 787 2436; x_wconf 80' lang='lat' dir='ltr'><strong>Ecclesiae</strong></span> <span class='ocrx_word' id='word_1_45' title='bbox 807 2376 950 2436; x_wconf 84' lang='lat' dir='ltr'><strong>doctrina.</strong></span> 
     </span>
    </p>
   </div>
   <div class='ocr_carea' id='block_1_11' title="bbox 74 2477 1265 4270">
    <p class='ocr_par' dir='ltr' id='par_1_11' title="bbox 74 2477 1263 3689">
     <span class='ocr_line' id='line_1_14' title="bbox 144 2477 1260 2629; baseline -0.005 0"><span class='ocrx_word' id='word_1_46' title='bbox 144 2477 384 2629; x_wconf 78' lang='lat' dir='ltr'><strong>Germanam</strong></span> <span class='ocrx_word' id='word_1_47' title='bbox 397 2551 569 2626; x_wconf 79' lang='lat' dir='ltr'><strong>Ecclesiae</strong></span> <span class='ocrx_word' id='word_1_48' title='bbox 582 2552 767 2626; x_wconf 80' lang='lat' dir='ltr'><strong>doctrinam</strong></span> <span class='ocrx_word' id='word_1_49' title='bbox 780 2551 1037 2624; x_wconf 55' lang='lat' dir='ltr'><strong>de‘matrimonii</strong></span> <span class='ocrx_word' id='word_1_50' title='bbox 1051 2552 1260 2624; x_wconf 81' lang='lat' dir='ltr'><strong>sacramanto</strong></span> 
     </span>
     <span class='ocr_line' id='line_1_15' title="bbox 146 2666 1261 2767; baseline -0.001 -29"><span class='ocrx_word' id='word_1_51' title='bbox 146 2668 245 2741; x_wconf 89' lang='lat' dir='ltr'><strong>nobis</strong></span> <span class='ocrx_word' id='word_1_52' title='bbox 264 2669 416 2742; x_wconf 84' lang='lat' dir='ltr'><strong>exhibuit</strong></span> <span class='ocrx_word' id='word_1_53' title='bbox 436 2669 616 2741; x_wconf 87' lang='lat' dir='ltr'><strong>tridentina</strong></span> <span class='ocrx_word' id='word_1_54' title='bbox 636 2668 805 2767; x_wconf 82' lang='lat' dir='ltr'><strong>synodus,</strong></span> <span class='ocrx_word' id='word_1_55' title='bbox 822 2667 903 2739; x_wconf 90' lang='lat' dir='ltr'><strong>dum</strong></span> <span class='ocrx_word' id='word_1_56' title='bbox 917 2667 1084 2740; x_wconf 81' lang='lat' dir='ltr'><strong>definivit:</strong></span> <span class='ocrx_word' id='word_1_57' title='bbox 1104 2696 1121 2736; x_wconf 82' lang='lat' dir='ltr'><strong>c</strong></span> <span class='ocrx_word' id='word_1_58' title='bbox 1130 2666 1261 2764; x_wconf 82' lang='lat' dir='ltr'><strong>Siquis</strong></span> 
     </span>
     <span class='ocr_line' id='line_1_16' title="bbox 146 2782 1262 2880; baseline 0.001 -28"><span class='ocrx_word' id='word_1_59' title='bbox 146 2782 285 2874; x_wconf 76' lang='lat' dir='ltr'><strong>dixerit,</strong></span> <span class='ocrx_word' id='word_1_60' title='bbox 310 2784 558 2857; x_wconf 86' lang='lat' dir='ltr'><strong>matrimonium</strong></span> <span class='ocrx_word' id='word_1_61' title='bbox 583 2810 649 2856; x_wconf 93' lang='lat' dir='ltr'><strong>non</strong></span> <span class='ocrx_word' id='word_1_62' title='bbox 673 2808 750 2855; x_wconf 89' lang='lat' dir='ltr'><strong>esse</strong></span> <span class='ocrx_word' id='word_1_63' title='bbox 773 2808 851 2854; x_wconf 84' lang='lat' dir='ltr'><strong>vere</strong></span> <span class='ocrx_word' id='word_1_64' title='bbox 872 2797 905 2854; x_wconf 90' lang='lat' dir='ltr'><strong>et</strong></span> <span class='ocrx_word' id='word_1_65' title='bbox 930 2783 1066 2880; x_wconf 87' lang='lat' dir='ltr'><strong>pmprie</strong></span> <span class='ocrx_word' id='word_1_66' title='bbox 1092 2808 1195 2854; x_wconf 90' lang='lat' dir='ltr'><strong>unum</strong></span> <span class='ocrx_word' id='word_1_67' title='bbox 1221 2782 1262 2853; x_wconf 78' lang='lat' dir='ltr'><strong>eri</strong></span> 
     </span>
     <span class='ocr_line' id='line_1_17' title="bbox 74 2891 1260 3013; baseline 0 -45"><span class='ocrx_word' id='word_1_68' title='bbox 74 2988 80 3013; x_wconf 37' lang='lat'><strong>)</strong></span> <span class='ocrx_word' id='word_1_69' title='bbox 116 2984 120 3005; x_wconf 39' lang='grc' dir='ltr'>Ι</span> <span class='ocrx_word' id='word_1_70' title='bbox 147 2912 276 2993; x_wconf 87' lang='lat' dir='ltr'><strong>septem</strong></span> <span class='ocrx_word' id='word_1_71' title='bbox 306 2897 392 2995; x_wconf 85' lang='lat' dir='ltr'><strong>legis</strong></span> <span class='ocrx_word' id='word_1_72' title='bbox 422 2897 635 2994; x_wconf 78' lang='lat' dir='ltr'><strong>evangelicae</strong></span> <span class='ocrx_word' id='word_1_73' title='bbox 663 2891 880 2969; x_wconf 83' lang='lat' dir='ltr'><strong>sacramentis</strong></span> <span class='ocrx_word' id='word_1_74' title='bbox 909 2923 929 2968; x_wconf 90' lang='lat' dir='ltr'><strong>a</strong></span> <span class='ocrx_word' id='word_1_75' title='bbox 954 2895 1089 2968; x_wconf 82' lang='lat' dir='ltr'><strong>Christo</strong></span> <span class='ocrx_word' id='word_1_76' title='bbox 1117 2895 1260 2968; x_wconf 87' lang='lat' dir='ltr'><strong>Domino</strong></span> 
     </span>
     <span class='ocr_line' id='line_1_18' title="bbox 76 2997 1262 3108; baseline -0.001 -26"><span class='ocrx_word' id='word_1_77' title='bbox 76 3020 80 3041; x_wconf 81' lang='lat'>¹</span> <span class='ocrx_word' id='word_1_78' title='bbox 106 3039 113 3060; x_wconf 74' lang='lat'><strong>³</strong></span> <span class='ocrx_word' id='word_1_79' title='bbox 147 3011 357 3099; x_wconf 88' lang='lat' dir='ltr'><strong>institutum,</strong></span> <span class='ocrx_word' id='word_1_80' title='bbox 379 2997 504 3094; x_wconf 76' lang='lat' dir='ltr'><strong>sed-ad</strong></span> <span class='ocrx_word' id='word_1_81' title='bbox 520 3010 714 3086; x_wconf 89' lang='lat' dir='ltr'><strong>hominibus</strong></span> <span class='ocrx_word' id='word_1_82' title='bbox 727 3012 762 3082; x_wconf 92' lang='lat' dir='ltr'><strong>in</strong></span> <span class='ocrx_word' id='word_1_83' title='bbox 777 3011 920 3084; x_wconf 90' lang='lat' dir='ltr'><strong>ecclesia</strong></span> <span class='ocrx_word' id='word_1_84' title='bbox 938 3012 1126 3096; x_wconf 84' lang='lat' dir='ltr'><strong>inventum,</strong></span> <span class='ocrx_word' id='word_1_85' title='bbox 1152 3033 1262 3108; x_wconf 85' lang='lat' dir='ltr'><strong>neque</strong></span> 
     </span>
     <span class='ocr_line' id='line_1_19' title="bbox 145 3124 1261 3226; baseline -0.002 -28"><span class='ocrx_word' id='word_1_86' title='bbox 145 3129 290 3224; x_wconf 83' lang='lat' dir='ltr'><strong>gratiam</strong></span> <span class='ocrx_word' id='word_1_87' title='bbox 306 3128 471 3215; x_wconf 82' lang='lat' dir='ltr'><strong>conferre,</strong></span> <span class='ocrx_word' id='word_1_88' title='bbox 496 3127 612 3200; x_wconf 89' lang='lat' dir='ltr'><strong>anath.</strong></span> <span class='ocrx_word' id='word_1_89' title='bbox 636 3128 754 3224; x_wconf 61' lang='lat' dir='ltr'><strong>simi).</strong></span> <span class='ocrx_word' id='word_1_90' title='bbox 768 3129 816 3199; x_wconf 85' lang='lat' dir='ltr'><strong>Ex</strong></span> <span class='ocrx_word' id='word_1_91' title='bbox 834 3126 959 3226; x_wconf 85' lang='lat' dir='ltr'><strong>quibus</strong></span> <span class='ocrx_word' id='word_1_92' title='bbox 977 3124 1261 3222; x_wconf 84' lang='lat' dir='ltr'><strong>deprehendimus</strong></span> 
     </span>
     <span class='ocr_line' id='line_1_20' title="bbox 145 3235 1262 3340; baseline -0.001 -27"><span class='ocrx_word' id='word_1_93' title='bbox 145 3235 396 3317; x_wconf 86' lang='lat' dir='ltr'><strong>¹matrimonium</strong></span> <span class='ocrx_word' id='word_1_94' title='bbox 417 3270 439 3316; x_wconf 89' lang='lat' dir='ltr'><strong>a</strong></span> <span class='ocrx_word' id='word_1_95' title='bbox 461 3243 602 3317; x_wconf 85' lang='lat' dir='ltr'><strong>coneilio</strong></span> <span class='ocrx_word' id='word_1_96' title='bbox 626 3243 768 3316; x_wconf 83' lang='lat' dir='ltr'><strong>conferri</strong></span> <span class='ocrx_word' id='word_1_97' title='bbox 794 3269 869 3315; x_wconf 90' lang='lat' dir='ltr'><strong>cum</strong></span> <span class='ocrx_word' id='word_1_98' title='bbox 889 3241 1034 3340; x_wconf 90' lang='lat' dir='ltr'><strong>reliquis</strong></span> <span class='ocrx_word' id='word_1_99' title='bbox 1046 3239 1262 3337; x_wconf 81' lang='lat' dir='ltr'><strong>evangelicae</strong></span> 
     </span>
     <span class='ocr_line' id='line_1_21' title="bbox 146 3354 1263 3458; baseline -0.001 -30"><span class='ocrx_word' id='word_1_100' title='bbox 146 3357 232 3453; x_wconf 83' lang='lat' dir='ltr'><strong>legis</strong></span> <span class='ocrx_word' id='word_1_101' title='bbox 249 3360 468 3432; x_wconf 87' lang='lat' dir='ltr'><strong>sacramentis</strong></span> <span class='ocrx_word' id='word_1_102' title='bbox 487 3359 597 3458; x_wconf 90' lang='lat' dir='ltr'><strong>iisque</strong></span> <span class='ocrx_word' id='word_1_103' title='bbox 615 3385 758 3458; x_wconf 89' lang='lat' dir='ltr'><strong>prorsus·</strong></span> <span class='ocrx_word' id='word_1_104' title='bbox 773 3357 930 3457; x_wconf 87' lang='lat' dir='ltr'><strong>aequari,</strong></span> <span class='ocrx_word' id='word_1_105' title='bbox 952 3357 1000 3429; x_wconf 89' lang='lat' dir='ltr'><strong>ita</strong></span> <span class='ocrx_word' id='word_1_106' title='bbox 1017 3372 1054 3428; x_wconf 89' lang='lat' dir='ltr'><strong>ut</strong></span> <span class='ocrx_word' id='word_1_107' title='bbox 1072 3354 1263 3428; x_wconf 59' lang='lat' dir='ltr'><strong>sacramenti</strong></span> 
     </span>
     <span class='ocr_line' id='line_1_22' title="bbox 146 3470 1263 3571; baseline -0.002 -27"><span class='ocrx_word' id='word_1_108' title='bbox 146 3489 217 3545; x_wconf 87' lang='lat' dir='ltr'><strong>tum</strong></span> <span class='ocrx_word' id='word_1_109' title='bbox 231 3475 276 3547; x_wconf 89' lang='lat' dir='ltr'><strong>sit</strong></span> <span class='ocrx_word' id='word_1_110' title='bbox 288 3500 309 3547; x_wconf 88' lang='lat' dir='ltr'><strong>a</strong></span> <span class='ocrx_word' id='word_1_111' title='bbox 320 3474 455 3549; x_wconf 83' lang='lat' dir='ltr'><strong>Christo</strong></span> <span class='ocrx_word' id='word_1_112' title='bbox 462 3475 604 3549; x_wconf 88' lang='lat' dir='ltr'><strong>Domino</strong></span> <span class='ocrx_word' id='word_1_113' title='bbox 617 3475 805 3549; x_wconf 88' lang='lat' dir='ltr'><strong>institutum</strong></span> <span class='ocrx_word' id='word_1_114' title='bbox 818 3473 1028 3570; x_wconf 69' lang='lat' dir='ltr'><strong>ad&#39;gratiam</strong></span> <span class='ocrx_word' id='word_1_115' title='bbox 1042 3498 1144 3571; x_wconf 87' lang='lat' dir='ltr'><strong>quarn</strong></span> <span class='ocrx_word' id='word_1_116' title='bbox 1160 3470 1263 3568; x_wconf 63' lang='lat' dir='ltr'><strong>signiss</strong></span> 
     </span>
     <span class='ocr_line' id='line_1_23' title="bbox 147 3587 1257 3689; baseline -0.005 -29"><span class='ocrx_word' id='word_1_117' title='bbox 147 3588 238 3677; x_wconf 86' lang='lat' dir='ltr'><strong>ficet,</strong></span> <span class='ocrx_word' id='word_1_118' title='bbox 250 3615 400 3689; x_wconf 83' lang='lat' dir='ltr'><strong>exopere</strong></span> <span class='ocrx_word' id='word_1_119' title='bbox 411 3606 549 3689; x_wconf 88' lang='lat' dir='ltr'><strong>operato</strong></span> <span class='ocrx_word' id='word_1_120' title='bbox 558 3590 619 3664; x_wconf 91' lang='lat' dir='ltr'><strong>rite</strong></span> <span class='ocrx_word' id='word_1_121' title='bbox 632 3588 715 3661; x_wconf 90' lang='lat' dir='ltr'><strong>iliud</strong></span> <span class='ocrx_word' id='word_1_122' title='bbox 729 3588 993 3688; x_wconf 83' lang='lat' dir='ltr'><strong>suscipientibus</strong></span> <span class='ocrx_word' id='word_1_123' title='bbox 1007 3587 1257 3661; x_wconf 84' lang='lat' dir='ltr'><strong>conferendam.</strong></span> 
     </span>
    </p>

    <p class='ocr_par' dir='ltr' id='par_1_12' title="bbox 143 3693 1265 4270">
     <span class='ocr_line' id='line_1_24' title="bbox 245 3693 1265 3805; baseline -0.004 -29"><span class='ocrx_word' id='word_1_124' title='bbox 245 3704 340 3778; x_wconf 83' lang='lat' dir='ltr'><strong>Hanc</strong></span> <span class='ocrx_word' id='word_1_125' title='bbox 361 3720 557 3805; x_wconf 87' lang='lat' dir='ltr'><strong>perpetuam</strong></span> <span class='ocrx_word' id='word_1_126' title='bbox 578 3704 686 3779; x_wconf 84' lang='lat' dir='ltr'><strong>luisse</strong></span> <span class='ocrx_word' id='word_1_127' title='bbox 705 3721 738 3777; x_wconf 90' lang='lat' dir='ltr'><strong>et</strong></span> <span class='ocrx_word' id='word_1_128' title='bbox 749 3719 956 3778; x_wconf 87' lang='lat' dir='ltr'><strong>constantem</strong></span> <span class='ocrx_word' id='word_1_129' title='bbox 972 3703 1135 3776; x_wconf 90' lang='lat' dir='ltr'><strong>ecciesiae</strong></span> <span class='ocrx_word' id='word_1_130' title='bbox 1150 3693 1265 3775; x_wconf 78' lang='lat' dir='ltr'><strong>catino</strong></span> 
     </span>
     <span class='ocr_line' id='line_1_25' title="bbox 146 3814 1263 3916; baseline -0.001 -28"><span class='ocrx_word' id='word_1_131' title='bbox 146 3818 441 3894; x_wconf 85' lang='lat' dir='ltr'><strong>licaedoctrinam</strong></span> <span class='ocrx_word' id='word_1_132' title='bbox 459 3821 560 3894; x_wconf 90' lang='lat' dir='ltr'><strong>modo</strong></span> <span class='ocrx_word' id='word_1_133' title='bbox 577 3820 793 3894; x_wconf 84' lang='lat' dir='ltr'><strong>ostendemus</strong></span> <span class='ocrx_word' id='word_1_134' title='bbox 810 3834 883 3891; x_wconf 84' lang='lat' dir='ltr'><strong>tum</strong></span> <span class='ocrx_word' id='word_1_135' title='bbox 900 3817 1082 3916; x_wconf 84' lang='lat' dir='ltr'><strong>generatim</strong></span> <span class='ocrx_word' id='word_1_136' title='bbox 1090 3841 1136 3890; x_wconf 74' lang='lat' dir='ltr'><strong>‘ex</strong></span> <span class='ocrx_word' id='word_1_137' title='bbox 1152 3814 1263 3914; x_wconf 76' lang='lat' dir='ltr'><strong>ipsius</strong></span> 
     </span>
     <span class='ocr_line' id='line_1_26' title="bbox 146 3930 1265 4034; baseline -0.004 -29"><span class='ocrx_word' id='word_1_138' title='bbox 146 3933 312 4008; x_wconf 87' lang='lat' dir='ltr'><strong>ecclesiae</strong></span> <span class='ocrx_word' id='word_1_139' title='bbox 338 3962 441 4010; x_wconf 87' lang='lat' dir='ltr'><strong>sensu</strong></span> <span class='ocrx_word' id='word_1_140' title='bbox 456 3936 660 4034; x_wconf 84' lang='lat' dir='ltr'><strong>agendique</strong></span> <span class='ocrx_word' id='word_1_141' title='bbox 691 3935 819 4007; x_wconf 89' lang='lat' dir='ltr'><strong>ratione</strong></span> <span class='ocrx_word' id='word_1_142' title='bbox 848 3933 1001 4032; x_wconf 86' lang='lat' dir='ltr'><strong>publica,</strong></span> <span class='ocrx_word' id='word_1_143' title='bbox 1029 3930 1194 4005; x_wconf 84' lang='lat' dir='ltr'><strong>constanti</strong></span> <span class='ocrx_word' id='word_1_144' title='bbox 1210 3950 1265 4000; x_wconf 83' lang='lat' dir='ltr'><strong>:ac</strong></span> 
     </span>
     <span class='ocr_line' id='line_1_27' title="bbox 147 4045 1264 4149; baseline -0.008 -27"><span class='ocrx_word' id='word_1_145' title='bbox 147 4046 313 4137; x_wconf 85' lang='lat' dir='ltr'><strong>solemni,</strong></span> <span class='ocrx_word' id='word_1_146' title='bbox 337 4064 406 4122; x_wconf 90' lang='lat' dir='ltr'><strong>tum</strong></span> <span class='ocrx_word' id='word_1_147' title='bbox 427 4049 603 4149; x_wconf 89' lang='lat' dir='ltr'><strong>speciatim</strong></span> <span class='ocrx_word' id='word_1_148' title='bbox 618 4075 657 4121; x_wconf 88' lang='lat' dir='ltr'><strong>ex</strong></span> <span class='ocrx_word' id='word_1_149' title='bbox 672 4048 901 4146; x_wconf 77' lang='lat' dir='ltr'><strong>singularibus</strong></span> <span class='ocrx_word' id='word_1_150' title='bbox 920 4063 1052 4147; x_wconf 88' lang='lat' dir='ltr'><strong>patrum</strong></span> <span class='ocrx_word' id='word_1_151' title='bbox 1074 4045 1264 4118; x_wconf 83' lang='lat' dir='ltr'><strong>doctorum·</strong></span> 
     </span>
     <span class='ocr_line' id='line_1_28' title="bbox 143 4158 1260 4270; baseline -0.006 -35"><span class='ocrx_word' id='word_1_152' title='bbox 143 4189 215 4270; x_wconf 87' lang='lat' dir='ltr'><strong>que</strong></span> <span class='ocrx_word' id='word_1_153' title='bbox 233 4163 445 4237; x_wconf 90' lang='lat' dir='ltr'><strong>testimoniis.</strong></span> <span class='ocrx_word' id='word_1_154' title='bbox 465 4164 544 4236; x_wconf 90' lang='lat' dir='ltr'><strong>ldeo</strong></span> <span class='ocrx_word' id='word_1_155' title='bbox 557 4189 635 4237; x_wconf 86' lang='lat' dir='ltr'><strong>vero</strong></span> <span class='ocrx_word' id='word_1_156' title='bbox 652 4163 743 4235; x_wconf 90' lang='lat' dir='ltr'><strong>hunc</strong></span> <span class='ocrx_word' id='word_1_157' title='bbox 760 4161 923 4235; x_wconf 86' lang='lat' dir='ltr'><strong>ecciesiae</strong></span> <span class='ocrx_word' id='word_1_158' title='bbox 941 4186 1095 4246; x_wconf 88' lang='lat' dir='ltr'><strong>sensum,</strong></span> <span class='ocrx_word' id='word_1_159' title='bbox 1119 4158 1260 4256; x_wconf 87' lang='lat' dir='ltr'><strong>eiusque</strong></span> 
     </span>
    </p>
   </div>
   <div class='ocr_carea' id='block_1_12' title="bbox 233 4313 1211 4468">
    <p class='ocr_par' dir='ltr' id='par_1_13' title="bbox 233 4313 1211 4468">
     <span class='ocr_line' id='line_1_29' title="bbox 233 4313 543 4376; baseline 0 -13"><span class='ocrx_word' id='word_1_160' title='bbox 233 4313 267 4376; x_wconf 80' lang='grc'><strong>(1)</strong></span> <span class='ocrx_word' id='word_1_161' title='bbox 281 4317 346 4366; x_wconf 85' lang='lat' dir='ltr'><strong>sees.</strong></span> <span class='ocrx_word' id='word_1_162' title='bbox 358 4317 445 4364; x_wconf 84' lang='lat' dir='ltr'><strong>xxiv.</strong></span> <span class='ocrx_word' id='word_1_163' title='bbox 456 4327 510 4364; x_wconf 84' lang='lat' dir='ltr'><strong>can.</strong></span> <span class='ocrx_word' id='word_1_164' title='bbox 523 4323 543 4364; x_wconf 91' lang='lat' dir='ltr'><strong>i.</strong></span> 
     </span>
     <span class='ocr_line' id='line_1_30' title="bbox 1200 4418 1211 4468; baseline 0 0"><span class='ocrx_word' id='word_1_165' title='bbox 1200 4418 1211 4468; x_wconf 97' lang='lat' dir='ltr'><strong>i</strong></span> 
     </span>
    </p>
   </div>
   <div class='ocr_carea' id='block_1_13' title="bbox 0 0 1446 5062">
    <p class='ocr_par' dir='ltr' id='par_1_14' title="bbox 0 0 1446 5062">
     <span class='ocr_line' id='line_1_31' title="bbox 0 0 1446 5062; baseline 0 0"><span class='ocrx_word' id='word_1_166' title='bbox 0 0 1446 5062; x_wconf 95' lang='lat' dir='ltr'><strong> </strong></span> 
     </span>
    </p>
   </div>
  </div>
 </body>
</html>
