2872 5062
283 355 351 403 cnr.
363 355 407 403 ιν.
418 355 458 402 na
472 353 589 403 nacor.
603 354 661 402 rao
675 352 753 402 neor
767 354 806 401 nn
820 353 916 402 nra.
928 353 991 402 mv.
1005 355 1076 403 nur.
1090 355 1138 404 ur.
1175 419 1177 424 .
1206 335 1274 404 tte

124 514 129 525 .
164 499 282 546 omnes
296 472 478 545 catholicos
492 471 649 544 omnibus
665 473 699 543 in
713 471 796 545 loeis
814 497 890 544 esse
907 472 1105 545 doctrinam.
1116 473 1159 547 At
1171 496 1279 574 quum

164 589 277 686 ipsum
295 586 475 659 concilium
491 586 668 673 statuerit,
692 601 730 658 ut
752 612 851 658 suum
873 586 1044 658 decretum
1062 587 1110 658 ibi
1128 589 1198 662 vim
1217 591 1277 663 ha·

163 701 274 789 beret,
303 700 361 772 ubi
386 717 477 774 certa
501 727 577 772 oum
604 700 711 773 forma
735 719 826 773 esset
851 701 1080 801 publicatum,
1108 704 1188 778 inde
1212 704 1276 803 fit,

165 817 271 889 ut'iis
294 817 330 887 in
350 815 434 889 locis
459 816 495 887 in
520 816 644 915 quibus
670 816 854 915 publicatio
880 817 967 890 facta
992 845 1060 891 non
1085 819 1202 908 luerit,
1225 821 1278 892 di·

163 958 262 1006 versa
283 931 546 1029 sit'disciplina,
573 958 612 1004 ac
636 931 748 1005 valida
776 932 843 1005 sint
867 959 907 1005 ea
931 933 1165 1023 matrimonia,
1189 962 1279 1035 quae

163 1046 245 1119 alibi
267 1064 347 1119 sunt
363 1045 526 1119 invalida.
544 1046 631 1118 Hine
641 1046 787 1143 intelligi
806 1063 916 1146 potest
932 1049 1100 1146 quomodo
1119 1050 1155 1121 in
1174 1077 1278 1148 regno

165 1162 347 1261 subalpino
372 1163 408 1233 id
434 1162 543 1260 possit
567 1187 644 1234 esse
669 1161 966 1250 anticatholicum,
996 1164 1088 1262 quod
1113 1165 1194 1237 alibi
1220 1176 1277 1240 'ca-

164 1278 456 1351 tholicum'est'ac
473 1276 679 1373 legitimum;
702 1287 737 1350 et
755 1278 923 1376 quomodo
942 1305 1002 1376 per
1018 1279 1124 1376 legem
1143 1281 1187 1353 de
1204 1308 1277 1356 mu-

163 1381 321 1468 trimonio
340 1393 432 1468 civili
454 1394 577 1489 dogma
597 1392 697 1465 simul
716 1408 749 1465 et
765 1393 948 1492 disciplina
965 1394 999 1465 in
1019 1394 1201 1469 discrimen
1218 1408 1277 1473 vo'·

162 1511 291 1603 centur.
925 1576 928 1581 ,
1090 1492 1093 1497 ’

188 1659 205 1691 7.;
234 1624 321 1695 llll,
334 1689 337 1695 .
349 1624 503 1723 Denique
515 1623 559 1695 ad
572 1649 629 1709 ea,
648 1649 737 1723 quae
754 1624 842 1697 alius
859 1640 971 1698 orator
989 1625 1128 1713 adiecit,
1151 1651 1274 1725 nempe

162 1739 356 1825 Christum,
373 1738 567 1837 apostolos,
589 1755 722 1838 putres,
742 1739 909 1827 concilia,
933 1766 1001 1814 uno
1021 1740 1145 1828 verbo,
1168 1741 1275 1814 Deum

162 1854 273 1927 lavere
293 1854 359 1950 legi
386 1881 459 1927 seu.
472 1862 560 1927 stare
585 1855 762 1953 prolege,
792 1856 938 1952 singula,
967 1883 1055 1956 quae
1070 1857 1110 1958 'is
1136 1857 1278 1931 fidenter

161 1968 330 2055 affirmat,
360 1994 421 2041 nos
451 1967 817 2064 fidentiusnegamus,
844 1995 886 2042 ac
912 1970 983 2042 iure
1008 1970 1147 2058 merito,
1178 1987 1277 2069 prout

161 2089 202 2156 ex
216 2085 348 2169 dietis,-
368 2099 401 2155 et
416 2109 458 2156 ex
472 2083 540 2169 iis,
568 2108 656 2182 quae
679 2109 756 2157 mox
779 2084 942 2170 dicemus,
972 2083 1106 2157 abunde
1130 2099 1272 2159 constat.

161 2193 291 2272 Interea
308 2199 384 2271 eius
402 2199 521 2271 elfato:
540 2199 657 2270 «Deus
675 2213 726 2271 est
744 2198 949 2270 nobiscum»
966 2199 1168 2298 opponimus
1182 2199 1275 2273 aliud

160 2315 300 2388 olfatum
317 2315 407 2414 'quod
425 2314 648 2410 gravissimus
661 2327 796 2387 senator
806 2315 879 2408 (86)
895 2313 1006 2386 eidem
1020 2312 1143 2414 inipso
1157 2329 1275 2388 senatu

146 2419 524 2528 ¹sapienteroppo'suit:
545 2429 664 2500 «Deus
677 2442 729 2499 est
741 2452 818 2499 oum
836 2426 999 2500 ecclesia:
1028 2454 1106 2501 cum
1130 2429 1275 2505 ecclesia

159 2547 349 2643 perstemus
362 2551 468 2628 ,tum
496 2544 588 2616 Deus
613 2543 677 2615 erit
698 2542 929 2616 nobiscum.»¹
1002 2612 1004 2617 .

667 2763 704 2858 p.
734 2700 778 2832 Π.

302 2969 305 2976 ·
406 2956 408 2961 ’
430 2954 714 3007 Historia'ecclesiaslioe
726 2957 862 3020 antiquaet
873 2951 1000 3005 recentior.

160 3126 206 3190 ἀΰ
231 3127 311 3201 Plus
333 3127 437 3200 semel
454 3129 490 3198 in
507 3126 651 3200 comitiis
672 3142 774 3225 atque
795 3124 830 3197 in
857 3138 975 3199 senatu
994 3139 1190 3222 argumenta
1210 3149 1270 3223 pro

158 3242 248 3338 lege,
264 3268 305 3313 ex
338 3242 479 3314 historia
501 3243 646 3314 ,luerunt
670 3242 881 3340 deprompta.
912 3242 1010 3313 Notat
1036 3240 1157 3339 Fleury
1182 3240 1273 3341 apud

159 3359 281 3454 ipsum‘
294 3358 457 3456 populum
474 3356 645 3429 iudaicum
658 3358 693 3427 in
707 3356 873 3452 coniugiis
896 3381 967 3427 rem
985 3370 1089 3428 totam
1107 3357 1194 3428 inter
1211 3382 1272 3455 pa-

159 3474 269 3544 rentes
286 3489 320 3545 et
336 3473 465 3545 amieos
489 3472 630 3568 transigi
652 3472 872 3545 consuevisse
888 3473 977 3566 (87):
995 3471 1149 3570 adeoque
1162 3471 1274 3544 adhuc

158 3585 419 3660 matrimonium·
440 3601 630 3660 contractus
656 3593 727 3658 erat
751 3584 881 3657 civilis.v
909 3585 1111 3659 Huiusmodi
1140 3584 1275 3657 luerunt

158 3703 298 3800 nuptiae
316 3704 417 3775 lsaac
433 3718 466 3774 et
483 3701 672 3787 Rebeccae,
690 3703 777 3774 Booz
790 3717 824 3773 et
837 3701 942 3788 Ruth,
968 3703 1070 3775 Sarae
1083 3727 1124 3775 ae
1135 3699 1269 3773 Tobiae.

160 3863 164 3867 -
230 3817 453 3890 lneeclesiae
474 3817 690 3915 primordiis,
713 3817 766 3887 siu
785 3816 898 3888 minus
919 3817 1052 3903 licitae,
1077 3815 1197 3888 saltem
1215 3841 1275 3888 va-

157 3930 246 4004 lidae
271 3931 409 4003 habitae
435 3931 677 4029 eunt'nuptiae
704 3929 834 4028 absque
856 3932 921 4003 ritu
949 3929 1274 4026 religioso'celebra-

229 4150 280 4210 (86)
296 4150 326 4200 Di
343 4149 493 4200 Goloblano.

229 4231 280 4292 (⁸7)
296 4230 377 4280 verba
390 4244 418 4281 ex
431 4230 535 4292 Fleuryo
545 4229 618 4279 allate
629 4231 689 4280 truce
700 4230 811 4282 luerunt:
821 4233 901 4281 «Tout
911 4245 938 4281 se
947 4231 1037 4294 possuit
1049 4232 1117 4281 entre
1130 4229 1166 4280 les
1177 4230 1275 4292 parents

155 4312 179 4360 et
193 4311 229 4360 les
239 4311 314 4362 emis:
328 4310 394 4361 aussi
405 4323 433 4360 ce
443 4309 525 4360 u'etuit
537 4322 625 4358 eiicere
635 4309 712 4371 qu’un
726 4312 837 4361 contruct
847 4309 930 4360 civil.»
