2872 5062
231 365 301 416 GAP·
315 366 359 416 Ν.
373 365 413 413 DE
426 363 545 415 anuuit.
560 363 618 412 PRO
631 362 710 414 1.th
724 363 763 413 DE
777 363 872 414 utin.
884 362 948 414 civ.
962 364 1033 414 ΛΒΤ.
1047 364 1082 416 ll·
1151 342 1220 414 389

107 501 208 584 geant
224 483 426 582 foedamque
442 483 629 580 transigant
645 483 761 556 vitam.
779 483 839 555 Pia
856 509 877 556 a
894 484 1223 584 sFranciscollegis

108 614 304 698 nuncupata
329 599 472 672 societas
498 613 567 671 tota
592 598 670 670 licet
695 599 740 671 sit
756 599 790 670 in
809 598 1031 672 matrimoniis
1056 600 1224 675 eiusmodi

107 715 308 788 miserorum
326 713 610 811 redintegrandis,
626 739 794 812 expensas
813 713 1024 789 necessarias
1042 713 1221 803 solvendo,

108 847 261 930 spectata
277 830 411 904 illorum
429 828 644 902 multitudine
661 856 701 902 ac
719 856 822 927 prava
839 829 1028 917 voluntate,
1049 831 1158 930 impar
1173 845 1226 905 est

107 945 294 1020 remedium
318 960 410 1018 tanto
436 943 524 1017 malo
550 943 681 1018 afferre.
712 943 851 1018 Interim
876 944 996 1017 vitium
1022 960 1125 1019 totam
1154 946 1226 1020 lere

105 1061 215 1135 inficit
240 1060 435 1134 societatem
456 1062 546 1155 (66).

180 1177 255 1263 066
279 1176 383 1273 igitur
408 1175 516 1248 fronte
541 1174 719 1274 improvidi
746 1175 1020 1274 pseudo-politici
1039 1177 1083 1249 ad
1101 1175 1224 1251 Gallia·

107 1319 181 1365 rum
201 1317 241 1366 ac
257 1290 364 1388 Belgii
389 1290 522 1364 codices
548 1307 746 1389 provocant,
768 1307 805 1364 ut
822 1292 906 1365 adeo
924 1292 1093 1367 exitialem
1110 1293 1219 1391 legem

105 1409 357 1482 innumerorum
383 1431 471 1503 pene
495 1405 564 1479 illis
592 1406 627 1478 in
653 1406 848 1503 regionibus
883 1408 1047 1481 malorum
1081 1409 1224 1508 amplie-

106 1522 228 1595 simam
252 1520 509 1618 scaturiginem,
538 1519 760 1596 cohonestent
784 1537 886 1620 atque
911 1521 1102 1597 suadeant?

179 1637 343 1709 lasanum
364 1660 445 1708 vero
465 1650 517 1707 est
533 1635 741 1734 paradoxum
766 1636 924 1735 turpique
949 1637 1150 1736 sophismati
1169 1637 1223 1711 in·

38 1836 46 1844 ἱ
105 1753 222 1826 nixum
238 1751 386 1825 ministri
404 1751 487 1848 regii
506 1768 693 1840 assertum,
715 1779 784 1852 quo
801 1753 902 1827 vellet
924 1753 996 1827 suis
1019 1753 1223 1853 persuadere

103 1868 212 1966 legem
241 1867 284 1941 de
314 1868 472 1964 coniugio
502 1866 593 1940 civili
620 1894 751 1941 morum
778 1868 960 1966 integritati
986 1869 1224 1970 sanctitatique

103 1984 290 2058 consulere.
321 1983 355 2054 Si
383 1982 493 2056 Gallia
519 2009 576 2053 an.
604 1984 711 2054 1793.
745 1982 779 2054 in
811 1997 938 2056 trucem
969 1983 1223 2083 inauditamque

107 2098 362 2172 subversionem
383 2097 498 2185 irruit,
521 2123 587 2170 non
606 2097 750 2169 delectui
768 2097 916 2195 proiecto
935 2097 1038 2170 huius
1056 2097 1141 2196 legis
1160 2098 1221 2170 ad-

103 2213 319 2287 scribendum
341 2229 411 2300 est,
432 2213 523 2312 quod
549 2212 733 2285 absurdum
760 2213 844 2285 foret
868 2213 921 2286 vel
947 2213 1134 2311 suspicari,
1156 2213 1217 2287 sed

103 2329 330 2404 incredulitati
348 2328 789 2429 pseudo-philosophorum,
807 2355 846 2402 ac
861 2328 1220 2428 pseudopoliticorum

103 2472 166 2544 ope
180 2460 385 2544 propagatae
400 2459 502 2544 atque
513 2445 679 2531 diffusae,
700 2444 877 2518 universae
891 2445 1136 2544 propemodum
1149 2471 1222 2519 mo-

104 2587 177 2634 mm
195 2561 400 2660 corruptioni
419 2587 461 2633 ex
482 2560 715 2634 incredulitate
740 2561 926 2646 derivatae,
956 2560 1132 2634 hostilitati
1160 2562 1220 2634 ad-

102 2702 220 2750 versus
239 2676 458 2776 apostolicam
478 2675 592 2748 sedem
613 2677 648 2747 in
669 2676 817 2775 acceptis
839 2677 952 2749 referri
975 2676 1074 2749 debet
1090 2677 1220 2749 subcer-

102 2793 150 2864 st'o
163 2791 223 2864 illa
239 2794 311 2888 (67)
321 2851 327 2862 .
339 2792 436 2878 Quod
454 2792 483 2864 si
502 2792 615 2864 mitior
629 2792 692 2864 luit
704 2818 756 2878 ea,
770 2819 857 2891 quae
869 2793 1009 2889 contigit
1021 2820 1076 2865 an.
1090 2795 1216 2879 1848,

104 2906 254 3002 conlegi
277 2906 320 2979 de
343 2906 498 3003 coniugio
524 2907 634 2993 civili,
664 2907 754 3006 quod
782 2907 946 2980 absonum
976 2907 1100 3005 pariter
1128 2923 1219 2982 esset

102 3020 239 3108 dicere,
262 3021 323 3095 scd
346 3021 488 3093 inlluxui
514 3021 779 3095 adscribendum
799 3047 906 3120 quem¹
921 3021 1085 3094 catholica
1101 3022 1220 3119 religio

102 3135 278 3210 exercebat
295 3136 330 3209 in
348 3137 499 3210 omnium
517 3163 603 3236 pene
621 3137 772 3223 animos,
796 3136 918 3210 reiecto
935 3153 968 3210 et
984 3136 1135 3212 obsoleto
1159 3136 1219 3214 illo

102 3252 481 3352 pseudo-philophismo
501 3251 708 3326 voltaeriano
721 3252 790 3325 lere
809 3251 1010 3340 universim,
1033 3253 1221 3353 maiorique

102 3393 183 3465 erga
195 3368 311 3442 sedem
325 3368 545 3468 apostolicam
560 3369 790 3468 propensioni.
804 3370 924 3442 Verum
937 3385 971 3442 et
987 3368 1071 3444 haec
1084 3369 1221 3445 subver-

102 3483 154 3558 sio
166 3483 360 3558 exitiahhus
378 3483 541 3559 doctrinis
555 3484 790 3559 Universitatis
808 3511 931 3582 magna
948 3511 988 3558 ex
1007 3500 1101 3584 parte
1118 3485 1224 3561 debe·

172 3763 222 3827 (66)
238 3765 305 3814 Haec
316 3762 375 3813 mihi
387 3777 416 3813 ex
426 3763 509 3826 Belgio
518 3776 533 3811 e
542 3763 573 3812 cl.
583 3761 776 3824 doctissimoque
785 3762 839 3812 viro
850 3775 893 3824 per
902 3762 1029 3825 epistolam
1038 3761 1122 3811 unum
1131 3761 1219 3813 dieto.

103 3842 220 3895 Deccmb.
234 3844 303 3895 1³55.
315 3843 496 3894 communicata
505 3845 574 3904 sunt,
585 3854 642 3891 cum
653 3855 709 3891 eum
719 3842 766 3891 hoc
774 3855 847 3906 super
856 3843 954 3906 negotio
963 3842 1141 3906 consuluerim
1151 3844 1176 3893 et
1185 3842 1221 3894 tt·

102 3936 158 3974 men
170 3925 254 3987 aliqua
264 3925 362 3974 silentio
375 3924 462 3987 pressi.

176 4004 226 4066 (67)
242 4004 307 4054 Satis
326 4005 363 4054 est
384 4005 422 4053 vei
441 4005 527 4053 leviter
543 4016 684 4066 percurrere
697 4002 792 4052 celebre
809 4002 926 4065 opusah.
937 4004 1056 4063 Barruet,
1071 4002 1111 4050 cui
1121 4003 1159 4052 tit.
1170 4005 1221 4055 nt·

98 4085 193 4134 accires
207 4097 277 4147 pour
286 4087 373 4137 servir
389 4084 407 4134 ὰ
423 4081 1221 4145 t’ntstotredujacottnomeqrratuorv01.in·e.uann0urg,et

100 4161 212 4213 Londree
224 4168 291 4214 1798.
300 4164 328 4213 ut
338 4163 715 4226 quisqueinteiligatanimorum
727 4162 933 4224 comparationem
942 4160 1010 4211 illius
1019 4161 1120 4223 aeteus,
1128 4161 1221 4225 conspi-

98 4243 220 4294 rationem
232 4243 395 4295 universalem
406 4243 713 4306 pseudo-philosophorum
724 4242 841 4292 adversus
852 4242 993 4305 religionem
1003 4240 1171 4306 christianam,
1176 4254 1219 4292 seu

98 4325 218 4377 adversus
231 4324 369 4389 ecclesiam,
380 4326 405 4376 et
418 4322 568 4387 impietatem
583 4323 656 4388 longe
671 4322 768 4386 lateque
783 4323 941 4386 grassantem.
