2872 5062
177 347 247 419 ³88
374 373 436 423 tn.
458 371 483 421 ι.
506 371 593 425 secr.
615 373 747 423 aurem.
769 368 1093 421 nummarius.

175 486 414 587 impedimenta
445 491 610 564 canonica
635 506 670 563 et
693 487 936 588 impedimenta
960 486 1097 573 civilia3
1133 487 1294 564 effraenis

173 629 304 678 morum
322 606 477 695 licentia;
493 607 632 682 moralis
644 604 904 706 impossibilitas
920 603 1158 677 celebrationis
1174 631 1291 678 eorum

173 720 419 819 coniugiorum,
447 750 536 823 quae
561 750 584 796 o
608 723 804 795 conscientae
828 746 951 793 nomen
976 719 1128 806 habent,
1156 746 1227 820 quo
1252 721 1292 796 fit

172 852 211 909 ut
229 838 317 912 sacri
338 840 497 927 ministri,
517 841 578 940 qui
596 840 704 937 legem
729 836 915 911 naturalem
936 861 977 909 ac
999 834 1152 909 divinam
1168 837 1216 910 ad
1231 863 1291 911 aa·

173 949 277 1024 lutem
309 954 498 1028 animarum
523 955 589 1053 legi
616 954 780 1055 positivae
805 953 975 1025 humanae
998 968 1221 1052 anteponunt,
1248 979 1290 1027 sc

171 1091 339 1166 exponere
349 1069 496 1143 debeant
507 1070 627 1169 poenis
639 1067 850 1167 gravissimis
862 1093 885 1140 a
898 1066 972 1164 lege
983 1068 1181 1142 constitutis
1195 1072 1289 1165 (tt).

170 1181 397 1258 llirortiorum
423 1185 562 1259 libertas
580 1202 614 1258 et
630 1184 794 1269 facilitas,
821 1208 911 1283 qffle
933 1207 1013 1256 cum
1036 1182 1143 1255 semel
1167 1209 1190 1255 a
1214 1210 1289 1258 ma·

170 1296 314 1392 gistratu
338 1300 468 1372 sancita
484 1300 628 1386 luerint,
648 1315 729 1372 sunt
746 1323 884 1398 prorsus
910 1295 1157 1370 irrevocabilia.
1174 1296 1291 1384 Quare

171 1412 339 1486 interdum
364 1417 422 1503 fit,
450 1434 487 1489 ut
510 1416 579 1490 duo
603 1417 784 1513 coniuges,
805 1421 865 1514 qui
887 1439 964 1487 cum
988 1412 1170 1487 divortium
1195 1413 1287 1488 leoe-

170 1529 257 1616 rint,
284 1529 402 1605 volunt
417 1558 456 1605 se
473 1532 617 1605 invicem
635 1531 872 1617 reconciliare,
892 1546 1071 1629 ratumque
1086 1555 1188 1603 scum
1204 1555 1288 1604 con-

170 1646 300 1742 iugium
330 1647 474 1736 bebere,
506 1648 699 1722 nullatenus
730 1648 883 1722 obtinere
915 1645 950 1717 id
975 1645 1130 1733 valeant3
1162 1646 1288 1722 exinde

170 1776 342 1860 tamquam
355 1763 585 1836 concubinarii
603 1763 769 1836 habentur
781 1763 841 1861 qui
858 1761 903 1834 ab
919 1759 1065 1834 ecclesia
1079 1760 1185 1835 veluti
1202 1787 1287 1836 oon-

170 1875 268 1972 iuges
285 1877 427 1975 legitimi
444 1895 651 1978 spectantur.
668 1879 774 1951 lmmo
787 1903 854 1950 non
867 1876 972 1950 semel
985 1876 1131 1963 accidit,
1151 1892 1192 1950 ut
1205 1902 1287 1950 cum

168 1991 279 2090 possit
304 1994 506 2091 gubernium
530 1995 731 2094 dispensare
752 1993 797 2066 ab
818 1992 1069 2093 impedimentis
1092 2018 1116 2065 a
1138 2018 1180 2066 se
1203 2019 1287 2067 con-

170 2108 297 2182 stitutis
322 2110 518 2197 affinitatis,
539 2126 598 2184 aut
614 2108 956 2207 consanguineitatis,
975 2133 1065 2207 quae
1088 2109 1285 2182 communia

168 2238 250 2297 sunt
272 2249 350 2296 cum
375 2224 628 2325 impedimentis
660 2224 854 2310 canonicis,
889 2239 1024 2297 recuset
1053 2223 1282 2324 dispensatio·

167 2365 244 2412 nem
261 2340 319 2427 iis,
339 2340 400 2440 qui
418 2341 463 2413 ab
479 2341 622 2415 ecelesia
646 2340 838 2440 dispensati
862 2355 963 2427 sunt,
982 2340 1080 2412 etita
1096 2340 1177 2414 novi
1194 2365 1284 2414 senr-

166 2479 228 2552 per
251 2455 407 2528 oriuntur
429 2457 620 2530 conflictus.
641 2458 786 2555 lusuper
801 2482 862 2555 per
883 2455 991 2553 legem
1016 2453 1186 2552 belgicam
1216 2455 1285 2530 nisi

165 2592 257 2641 mors
273 2568 467 2643 alterutrius
485 2570 639 2667 coniugis
656 2570 815 2670 probetur
830 2597 892 2669 per
907 2586 1010 2643 testes
1026 2569 1194 2657 oculatos,
1214 2596 1283 2644 non

165 2681 353 2756 admittitur
376 2684 484 2758 altera
507 2712 588 2784 pars
605 2686 760 2759 adalind
777 2685 971 2783 coniugium
992 2684 1280 2773 conmbmm,

165 2798 266 2870 etiam
291 2815 370 2897 post
393 2800 588 2875 dilationem
616 2803 674 2873 2⁰.
704 2819 763 2875 aot
789 2804 848 2874 3⁴).
876 2827 1062 2888 annorum,
1090 2827 1160 2901 qno
1184 2802 1284 2875 litut

165 2939 243 2986 cum
269 2931 393 2988 nautae
410 2942 432 2988 a
451 2917 611 2992 fluctibus
636 2918 878 3005 absorbentur,
907 2918 952 2991 ad
975 2933 1180 3016 perpetuum
1204 2944 1280 2992 cae

162 3026 305 3101 libatum
338 3057 455 3104 eorum
485 3033 608 3106 viduae
638 3034 859 3120 damnentur,
892 3033 974 3106 dum
1004 3031 1150 3106 ecclesia
1179 3031 1279 3130 longe

164 3143 279 3217 mitior
303 3163 367 3218 est.
390 3148 563 3221 Praeterea
587 3148 763 3222 libidinosi
789 3148 982 3248 perditique
1005 3162 1182 3247 apostatae
1211 3173 1277 3219 non

162 3258 286 3332 desunt
303 3263 495 3337 sacerdotes
513 3290 553 3337 ac
571 3264 739 3362 religiosi,
761 3265 820 3364 qui
838 3263 969 3336 ludicra
988 3261 1159 3336 eiusmodi
1185 3262 1279 3335 iden-

163 3373 266 3446 tidem
280 3376 452 3452 celebrent
463 3381 620 3478 coniugia
638 3380 778 3479 publico
796 3406 872 3452 cnm
890 3380 1042 3454 omnium
1062 3377 1230 3452 scandalo
1244 3394 1277 3451 et

159 3489 358 3564 ollcnsioue.
375 3493 487 3578 Quum
503 3495 651 3595 denique
667 3495 760 3568 baud
774 3495 874 3594 pauci
887 3495 1152 3594 reperianturcx
1164 3493 1275 3568 classe

159 3605 297 3679 infimae
313 3606 423 3705 plebis
439 3626 474 3681 et
490 3611 662 3708 opificum,
683 3612 742 3710 qui
760 3639 829 3685 non
844 3610 998 3684 valentes
1016 3634 1093 3684 sese
1109 3609 1277 3684 subiicere

158 3723 330 3820 expensis,
341 3750 429 3822 quac
441 3725 485 3797 ad
498 3742 610 3806 actum
623 3727 755 3799 civilem
770 3728 962 3824 exiguntur,
972 3752 1014 3800 ac
1022 3742 1204 3825 propterea
1215 3749 1275 3799 nec

158 3862 270 3910 coram
288 3838 432 3912 ecclesia
447 3842 606 3940 coniungi
620 3843 765 3941 possint,
779 3843 833 3929 fit,
854 3858 892 3914 ut
908 3842 965 3915 isti
982 3838 1142 3915 licentiae
1159 3840 1272 3914 indol-

232 4016 283 4077 (65)
298 4019 351 4066 Hac
366 4017 469 4067 tortasse
483 4017 515 4067 de
530 4031 605 4067 causa
617 4019 643 4067 in
653 4021 700 4068 art.
715 4025 751 4069 to.
761 4016 951 4068 constitutionis
969 4016 1080 4080 Belgicae
1096 4030 1138 4066 an.
1155 4023 1225 4068 188⁰.
1236 4015 1273 4065 bit

156 4094 237 4144 verbis
247 4096 430 4146 matrimonium
442 4097 516 4146 civile
526 4098 647 4147 sancitum
658 4103 708 4161 δίς
723 4099 775 4147 «ιιι
789 4099 897 4160 mariage
913 4098 972 4147 cirii
982 4097 1059 4147 derra
1068 4097 1185 4159 toojours
1194 4095 1272 4160 prete·

156 4173 201 4222 der
210 4174 397 4226 labenediction
418 4176 546 4240 nuptiale,
562 4176 631 4237 scus
644 4177 681 4226 les
696 4180 847 4239 exceptione
859 4178 877 4227 o
889 4176 988 4227 dobba·
997 4189 1051 4240 per
1063 4175 1093 4226 lc
1106 4175 1157 4236 lot,
1168 4175 1213 4225 s'il
1225 4189 1242 4238 y
1254 4187 1273 4224 a

158 4253 212 4302 lieu
221 4273 243 4302 υ.
252 4255 367 4305 Nondum
380 4260 462 4306 umen
474 4256 595 4306 eiusmodi
605 4256 760 4319 exceptiones
769 4271 784 4306 a
794 4257 847 4318 lege
856 4256 928 4307 datae
936 4259 1009 4319 sont;
1020 4255 1133 4319 adeoque
1141 4268 1233 4320 poema
1241 4255 1273 4305 in·

157 4337 260 4384 comunt
270 4337 402 4401 parrechi,
413 4339 456 4401 qui
469 4351 499 4388 ex
514 4349 616 4387 monere
628 4337 718 4387 debent
728 4338 892 4388 matrimoniis
904 4336 1067 4388 conselati&
1082 4336 1211 4388 interese.
