2872 5062
347 363 415 411 cnr.
432 361 455 409 r.
472 362 511 409 nn
529 360 661 411 unrnru.
683 361 794 410 orvnrs
811 360 944 410 narona.
966 361 1037 409 nnn.
1058 361 1090 408 v.
1202 336 1270 407 tat

160 501 260 582 atque
281 481 406 552 idcirco
429 480 463 549 in
490 479 620 550 ruinam
643 478 831 566 societatis,
856 503 942 576 quae
968 504 1025 550 eos
1052 477 1085 548 in
1113 478 1189 549 sinu
1215 477 1275 551 alit

160 625 199 671 ac
220 598 311 670 fovet
328 596 363 666 in
382 594 549 693 propriam
575 592 780 692 perniciem,
810 593 906 666 cuius
931 593 1061 665 viscera
1086 607 1274 691 opportuno

160 730 323 809 tempore,
349 723 391 780 'ac
416 706 527 780 oblata
553 706 727 780 occasione
752 705 983 778 dilacerabunt
1004 707 1092 801 (ii).

234 826 267 896 Si
293 823 403 922 capita
429 821 512 894 haec
538 820 673 918 singula
698 821 879 919 separatim
913 820 955 893 ad
987 847 1124 893 examen
1156 837 1274 893 vocata

160 941 316 1014 evincunt
341 937 545 1011 connubium
575 935 672 1009 civile
703 953 820 1008 natura
846 962 909 1008 sua
935 935 1069 1009 tendere
1097 934 1152 1030 adp
1165 934 1275 1008 disso-

159 1057 318 1130 lutionem
349 1081 387 1129 ac
419 1053 587 1126 interitum
621 1052 789 1126 societatis
824 1068 857 1125 et
890 1052 1066 1139 familiae,
1103 1050 1274 1125 collective

159 1189 294 1270 sumpta
311 1170 358 1243 ita
376 1196 445 1242 rem
463 1167 658 1254 conficiunt,
678 1183 715 1238 ut
732 1167 901 1266 scepticus
927 1168 973 1241 sit
996 1181 1140 1265 oportet,
1161 1166 1220 1265 qui
1238 1167 1273 1239 id

159 1284 194 1355 in
218 1283 359 1356 dubium
386 1282 496 1354 adhuc
521 1306 675 1353 revocare
699 1279 791 1353 velit.

236 1397 407 1496 Complexi
433 1412 543 1470 autem
570 1423 686 1470 sumus
708 1423 767 1496 per
784 1396 919 1469 modum
945 1396 1045 1468 unius
1072 1396 1106 1466 in
1133 1397 1197 1468 hac
1223 1396 1275 1468 di-

160 1514 368 1613 sceptatione
398 1513 588 1585 societatem
607 1527 640 1585 et
659 1511 837 1598 familiam,
863 1511 943 1610 quia
968 1538 1055 1611 quae
1073 1511 1200 1583 deuna
1222 1511 1274 1582 di·

158 1645 295 1717 cuntur,
326 1629 370 1700 de
395 1616 498 1701 altera
523 1654 656 1727 quoque
681 1627 753 1726 pari
779 1627 907 1700 ratione
932 1627 999 1700 dici
1025 1627 1159 1700 debent.
1189 1629 1273 1699 Nam

160 1745 290 1817 familia
308 1744 439 1842 privata
459 1744 557 1816 refert
573 1743 608 1814 in
627 1769 664 1816 se
682 1743 757 1841 ipsa
778 1743 1050 1831 similitudinem,
1072 1743 1212 1816 formam
1234 1770 1272 1816 ac

159 1859 261 1932 veluti
287 1875 405 1958 typum
432 1859 603 1932 societatis
630 1858 806 1957 publicae;
837 1859 979 1932 societas
1005 1886 1082 1932 vero
1113 1858 1269 1957 publica,

162 1989 419 2074 praeterquam
445 1974 536 2074 quod
563 2001 603 2046 ex
627 1973 765 2046 familiis
792 1974 933 2072 privatis
958 1974 1089 2071 exurgit
1111 1989 1143 2046 et
1162 1973 1271 2048 coale-

161 2091 242 2178 scit,
266 2090 447 2190 quaedam,
474 2105 512 2162 ut
531 2090 579 2163 ita
599 2089 736 2188 loquar,
758 2115 880 2186 magna
898 2089 1028 2162 familia
1053 2105 1105 2162 est
1130 2088 1193 2162 sub
1216 2115 1272 2188 pa·

160 2222 254 2279 terno
279 2193 469 2306 principum
496 2205 675 2302 regimine3
701 2205 853 2304 adeoque
877 2204 968 2304 quod
992 2205 1149 2278 convenit
1173 2205 1271 2276 sami·

159 2320 247 2407 liae,
276 2321 354 2394 data
380 2321 610 2422 proportione,
643 2320 799 2393 convenit
825 2318 995 2407 societati,
1023 2335 1057 2393 et
1074 2346 1092 2392 e
1109 2344 1271 2394 converso

160 2435 253 2535 quod
278 2436 435 2509 conducit
458 2436 502 2508 ad
528 2435 700 2508 societatis
724 2435 869 2525 bonum,
893 2435 1050 2510 conducit
1073 2435 1116 2508 ad
1143 2435 1267 2508 bonum

160 2551 325 2640 familiae,
349 2552 506 2652 quodque
531 2550 623 2624 cedit
647 2552 682 2624 in
707 2552 853 2626 dedecus
872 2579 913 2626 ac
933 2552 1064 2626 ruinam
1089 2551 1209 2640 unius,
1234 2552 1269 2624 in

160 2666 307 2740 dedecus
333 2692 373 2742 ac
398 2667 579 2767 perniciem
605 2667 700 2740 cedat
724 2666 873 2741 alterius.

239 2922 287 2985 (54)
301 2925 425 2975 Praeclare
444 2927 475 2974 D.
495 2927 582 2974 sauzet
602 2925 628 2974 in
650 2937 734 2989 opusc.
752 2924 900 2989 deflectens
917 2939 965 2976 aar
985 2925 1142 2987 lemovicae
1159 2925 1223 2975 civit
1247 2927 1272 2974 et

162 3000 187 3052 le
205 3005 322 3066 marinos
338 3004 711 3068 enrtttennyonrananagno
721 3005 886 3068 seq.«Malgrt
901 3004 1088 3055 l’ameiioration
1107 3002 1150 3054 das
1165 3016 1272 3065 moeurs,

159 3082 257 3146 inquit,
270 3096 301 3132 on
313 3097 342 3134 ae
353 3087 440 3134 trouve
457 3098 545 3135 encore
555 3098 603 3149 qne
613 3088 669 3149 trop
684 3086 715 3135 de
730 3086 859 3136 situations
872 3085 1035 3148 equiroqaes,
1048 3084 1079 3134 de
1092 3083 1195 3134 familias
1205 3085 1272 3132 trou-

131 3205 135 3214 .
158 3160 244 3224 hidas,
266 3162 392 3235 d’jtpouses
405 3163 636 3214 douloureusement
644 3164 795 3215 combuttues
803 3167 871 3215 entre
882 3165 916 3215 les
926 3165 1052 3226 exigences
1063 3163 1197 3212 contraires
1208 3161 1239 3212 da
1248 3161 1273 3211 la

158 3241 205 3305 toi,
227 3241 259 3292 de
279 3242 397 3306 l’opinion
411 3246 435 3294 et
446 3244 477 3294 de
487 3245 511 3295 ia
520 3245 670 3295 conscience.
683 3246 769 3303 Qualia
780 3246 847 3296 eooie
856 3259 918 3308 pour
929 3245 965 3295 les
975 3245 1072 3295 entants
1080 3256 1132 3306 que
1141 3255 1182 3294 cas
1190 3243 1273 3294 tristes

160 3319 321 3371 traiilements
332 3321 363 3371 de
373 3322 441 3384 foyer
455 3322 607 3387 domestiqaa
625 3324 657 3373 οὺ
673 3324 736 3373 Dian
747 3324 873 3374 lui-merua
887 3326 924 3374 est
939 3324 1030 3374 misen
1046 3321 1161 3387 question
1171 3324 1228 3372 tons
1237 3322 1274 3370 les

157 3399 226 3461 jonrs
239 3414 284 3463 par
296 3400 319 3450 la
328 3400 413 3452 condit
424 3403 548 3467 perpetual
560 3402 591 3452 de
602 3403 626 3452 la
637 3403 740 3466 religion
751 3405 775 3454 et
783 3403 826 3453 des
834 3404 895 3455 lois!
908 3403 983 3461 Quota
998 3403 1120 3467 exemptas
1134 3415 1197 3466 pour
1212 3402 1271 3471 i'nu·⁴

160 3479 234 3528 tortia
251 3479 400 3543 paternella,
418 3484 443 3531 et
455 3483 512 3546 quei
528 3482 612 3532 avenir
628 3496 689 3546 pour
707 3484 731 3532 la
748 3485 804 3546 pain
822 3483 865 3533 des
881 3483 985 3534 iamiiles
996 3486 1020 3533 et
1032 3483 1063 3534 de
1074 3483 1097 3532 ia
1109 3482 1211 3534 saintete
1227 3481 1272 3533 des

158 3570 249 3610 moeurs
275 3559 406 3623 pubiiques
417 3563 477 3611 t...
490 3565 611 3614 Personae
630 3576 660 3613 ne
678 3564 756 3614 desire
772 3578 820 3627 que
840 3565 876 3615 ies
894 3564 1050 3629 populations
1070 3564 1190 3616 dtsertest
1208 3564 1273 3614 leurs

158 3639 500 3700 aroyencesets'habituitent
516 3641 531 3691 a
547 3642 681 3705 multiplier
697 3656 742 3705 par
757 3641 800 3692 des
817 3642 917 3706 simplos
930 3644 1020 3693 formes
1036 3641 1122 3693 civitas
1132 3643 1274 3704 lesengage

156 3717 237 3765 mauis
245 3715 363 3778 rangtenr
375 3717 406 3768 da
418 3719 482 3769 leurs
496 3719 580 3783 peres3
596 3722 656 3770 c'est
673 3721 763 3783 qu’une
778 3721 882 3784 occidte,
896 3722 939 3785 qui
952 3735 982 3772 ne
993 3722 1166 3771 reniuncitrait
1180 3719 1274 3770 d'autra

158 3795 301 3847 conscience
311 3810 359 3860 que
368 3798 391 3848 le
401 3798 461 3848 ireia
474 3799 549 3864 legal,
556 3800 720 3851 d’autreDieu
730 3814 777 3865 que
784 3802 808 3853 lc
816 3803 953 3866 magistrat,
961 3801 1056 3852 d’autre
1067 3799 1167 3864 religion
1178 3813 1227 3862 que
1237 3800 1272 3850 ies

158 3872 244 3939 codes,
256 3874 396 3938 eiirayarait
404 3877 459 3929 bien
467 3880 727 3930 vitelesadmirateurs
739 3882 773 3931 les
782 3879 959 3943 plusaxclusiis
968 3880 999 3931 de
1007 3881 1032 3930 la
1039 3880 1167 3944 puissauce
1176 3878 1272 3929 cirita„

159 4030 181 4080 d.
224 3952 279 4083 ,ilde
288 3968 362 4018 porro
373 3955 413 4006 vir
422 3970 480 4008 cum
495 3957 570 4010 inerit
586 3958 684 4023 publico
695 3959 830 4010 ministerio
843 3959 954 4022 functus,
965 3961 1057 4024 optime
1067 3959 1136 4010 novit
1147 3957 1172 4008 id
1182 3956 1213 4008 da
1223 3970 1272 4020 qno

175 4045 223 4084 isso
259 4071 265 4084 .
