2872 5062
167 319 235 391 208
357 343 418 392 uo.
439 343 462 393 1.
483 343 568 395 srcr.
591 345 720 395 aarum.
742 346 786 395 ur⁴
808 345 939 396 unrmr.
960 346 1066 396 cmm.

120 464 122 468 ’
233 459 276 533 Et
292 477 372 533 sana
389 460 419 532 si
437 487 478 534 ex
493 460 604 534 verbis
624 462 812 560 pontilicis,
840 479 873 534 ct
897 489 938 535 cx
962 461 1036 548 iis„
1052 486 1147 560 quae.
1161 461 1273 536 hacto

161 602 226 650 nus
251 602 272 648 a
296 575 395 650 nobis
425 576 651 651 demonstrata
674 593 708 651 et
731 577 901 652 vindicata
929 594 1027 665 sunt,
1055 576 1148 650 nulla
1172 577 1273 650 datur

160 691 195 762 in
220 690 398 765 connubiis
421 692 613 766 christianis
640 691 739 766 realis
764 691 937 766 distinctio
954 693 1041 766 inter
1063 700 1273 766 contractum

160 820 195 878 et
218 821 480 880 sacramentum:
509 807 539 879 si
565 822 736 905 praeterea
761 806 873 879 nullus
899 823 951 880 ast
972 806 1141 903 legitimus
1158 808 1274 883 coniu-

160 918 245 1016 gaiis
280 936 469 995 contractus
484 921 569 996 eine
593 937 819 996 sacramento:
848 922 969 996 exinde
998 923 1103 996 fluere
1132 949 1276 997 necesse

161 1051 230 1123 est,
250 1035 344 1108 nulla
367 1062 444 1110 esse
469 1037 680 1110 matrimonia
696 1037 746 1111 eis
764 1038 799 1110 in
816 1037 912 1124 locis,
938 1038 973 1110 in
997 1036 1121 1136 quibus
1146 1038 1275 1113 triden-

161 1150 274 1223 tinum·
292 1150 461 1224 decretum
485 1151 691 1251 publicatum
716 1171 784 1240 est,
813 1180 967 1252 quaeque
979 1154 1023 1243 ad
1036 1153 1142 1227 solam
1158 1153 1274 1250 legum

160 1265 309 1340 civilium
332 1293 481 1341 normam
508 1268 630 1340 luerint
653 1267 831 1341 celebrata.
860 1269 1070 1368 Quapropter
1090 1295 1168 1341 oum
1186 1268 1273 1341 nihil

159 1381 343 1455 intercedat
366 1381 452 1455 inter
475 1382 684 1479 coniugalem
709 1383 978 1457 coniunctionem
992 1400 1026 1456 et
1042 1400 1173 1482 turpem
1193 1410 1272 1458 con·

159 1493 365 1583 cubinatum,
381 1496 570 1570 necessario
589 1497 758 1594 provenit,
780 1514 995 1597 praesumpta
1012 1498 1185 1594 coniugia,
1210 1524 1273 1577 seu

159 1625 348 1684 contractus
363 1636 454 1682 merc
466 1610 581 1684 civiles
594 1638 661 1684 non
674 1611 767 1684 aliud
786 1638 862 1686 esse
882 1640 984 1711 quam
1004 1628 1135 1711 turpem
1155 1613 1274 1686 exitia-

158 1726 291 1826 lemque
308 1726 588 1812 coniunctionem,
605 1753 666 1800 sau
678 1728 935 1802 concubinatum
953 1755 1064 1803 coram
1077 1729 1146 1802 Deo
1164 1744 1198 1801 et
1214 1754 1272 1802 co-

160 1868 232 1916 ram
256 1843 411 1917 ecclesia.
768 1915 769 1918 ,

232 1960 375 2058 Nempe,
393 1985 459 2031 non
475 1957 687 2033 obstantibus
707 1959 837 2057 legibus
855 1961 1027 2034 hominum
1048 1959 1273 2058 quibuscum·

159 2101 238 2175 que,
255 2075 327 2149 lieri
339 2101 521 2174 numquam
537 2089 661 2174 potest,
679 2093 716 2148 ut
728 2077 819 2174 quod
836 2094 934 2174 turpe
950 2093 1003 2148 est
1019 2090 1138 2148 natura
1156 2100 1220 2146 sna
1239 2090 1275 2149 ot

158 2217 271 2264 coram
277 2192 359 2278 Deo,
371 2193 430 2264 liat
441 2192 632 2265 honestum.
640 2191 748 2289 Atque
761 2191 827 2264 huc
840 2190 926 2265 bene
938 2192 1127 2264 reseruntur
1138 2205 1275 2289 patrum

158 2307 281 2393 effata,
309 2306 433 2406 quibus
458 2307 524 2406 ipsi
550 2305 666 2380 fidelos
692 2307 891 2380 amovebant
915 2305 1196 2402 deterrebantque
1225 2304 1275 2387 ab

159 2422 316 2495 ineundis
334 2422 507 2519 coniugiis
524 2421 568 2494 ab
585 2421 746 2494 ecclesiae
764 2421 894 2518 legibus
911 2419 1095 2505 damnatis,
1110 2425 1274 2517 ¹quaeque

158 2552 281 2609 temere
292 2535 431 2633 quidam
444 2535 675 2634 pertentabant
687 2535 762 2608 irati
775 2535 1011 2633 imporatorum
1023 2531 1167 2629 legibus,
1183 2541 1274 2630 quoe

159 2647 218 2721 illa
242 2648 480 2722 concedebant.
555 2720 556 2725 ,
1270 2656 1273 2661 ’

231 2765 332 2836 Porro
356 2763 443 2836 inter
462 2780 590 2837 ceteros
612 2792 641 2838 s.
660 2766 708 2839 lo.
725 2765 985 2864 Chrysoetomus
1010 2790 1113 2861 agens
1138 2764 1183 2835 do
1209 2763 1271 2848 iis,

158 2879 217 2979 qui
231 2879 324 2955 iuxta
336 2878 427 2977 leges
441 2879 608 2952 humanas
633 2880 844 2953 dimittebant
860 2907 920 2979 per
939 2880 1117 2978 repudium
1132 2905 1273 2963 uxorem

158 3023 254 3071 suam
278 2995 448 3095 aliamque
463 2996 649 3083 ducebant,
670 2997 795 3070 siccos
813 2995 1083 3094 interpellabat«
1099 2996 1167 3068 Nec
1188 2994 1274 3071 mihi

157 3111 248 3209 leges
265 3111 308 3186 ab
325 3113 447 3186 exteris
468 3112 620 3186 conditas
637 3111 730 3209 legas
753 3112 998 3211 praecipientes
1022 3110 1095 3183 dari
1120 3108 1274 3189 libellum

159 3343 259 3394 viduam
273 3345 341 3395 vitae
356 3345 557 3396 comuetudinem
574 3346 700 3396 continens
709 3345 732 3408 §.
742 3348 771 3395 L.
783 3345 841 3394 inat.
850 3343 882 3393 ‹ie
891 3343 954 3408 pair.
965 3333 1052 3406 poieot.
1063 3341 1121 3410 ante
1135 3339 1222 3403 oculos¹
1232 3341 1274 3391 ira·

158 3425 277 3489 baernum
289 3439 334 3476 neo
344 3426 510 3476 definitionem
527 3426 599 3477 istaut
620 3426 712 3476 iamdiu
725 3426 877 3476 obliteratam
886 3438 915 3474 ao
924 3423 1019 3473 iuribus
1031 3420 1190 3483 moribusque
1200 3421 1274 3484 piane

158 3517 208 3554 non
226 3503 359 3554 convenire
375 3506 587 3567 cogitamnt..·..it
601 3518 630 3554 aa
645 3518 684 3554 res
701 3506 786 3567 postea
805 3503 924 3565 insignem
941 3503 1102 3551 mutationem
1118 3500 1192 3562 paean
1209 3499 1272 3559 trit,

158 3585 288 3649 postquam
300 3584 447 3636 christianus
458 3584 752 3636 orbis...Beuadieiionem
763 3582 938 3635 sacerdotalem
948 3581 980 3632 ud
991 3581 1119 3631 amentiam
1130 3579 1274 3643 nuptiarum

157 3664 280 3728 requirere
291 3665 379 3728 caepit.
388 3667 423 3714 Ex
436 3665 485 3713 hoc
496 3666 569 3728 igitur
580 3666 690 3728 temporo
703 3665 772 3714 vetut
782 3664 825 3712 iila
836 3663 979 3726 nuptiarum
999 3659 1109 3710 definitio
1123 3657 1216 3713 mutari
1232 3657 1272 3707 de·

158 3743 264 3806 buieaet,
282 3745 355 3805 atquo
373 3743 437 3792 male
451 3757 466 3792 a
480 3742 659 3793 iurisconsultic
676 3742 806 3792 nostriset
822 3754 865 3804 per
881 3739 1036 3789 manifestum
1056 3749 1163 3787 errorem
1180 3738 1275 3789 retenta

157 3824 203 3872 cat.
222 3822 295 3872 Solus
302 3821 334 3873 de
342 3821 471 3872 individua
484 3821 549 3872 vitae
558 3821 675 3872 socictate
686 3821 751 3870 inter
762 3821 843 3869 virum
853 3821 878 3868 et
886 3831 988 3868 uxorem
999 3829 1146 3878 concensus,
1159 3813 1277 3876 quamvis

157 3901 183 3949 in
193 3903 276 3951 actum
287 3899 421 3962 deductus,
433 3899 531 3962 nuptias
542 3901 566 3949 et
578 3899 712 3962 legitimum
724 3897 906 3946 matrimonium
916 3895 990 3945 hodia
999 3908 1048 3943 non
1057 3893 1129 3954 iacit,
1143 3890 1274 3956 quamdiu

158 3979 300 4031 imadiciio
315 3978 487 4030 sacerdotalis
505 3992 557 4029 non
575 3977 688 4038 accedit,
704 3990 792 4028 merus
807 3975 998 4026 concubinatus
1009 3975 1056 4023 est.
1066 3971 1201 4032 Pleraeque
1217 3983 1273 4020 con·

156 4060 260 4110 oubioao
268 4059 342 4110 hodio
353 4073 383 4110 co
393 4059 492 4121 auimo,
504 4072 583 4122 eoque
591 4061 663 4122 pacto
672 4057 837 4122 accipiuntur,
847 4057 876 4105 ut
885 4055 1001 4118 perpetua
1012 4065 1070 4102 oum
1080 4050 1132 4101 iliis
1141 4051 1208 4100 vitae
1217 4061 1274 4098 con·

157 4141 261 4190 suetudo
277 4142 323 4203 sit,
341 4142 367 4189 at
387 4141 513 4203 propterea
530 4152 620 4189 uxores
637 4152 687 4187 non
706 4135 979 4188 alliciuntur...Mauent
989 4133 1035 4182 hac
1043 4129 1206 4180 mulierculae
1216 4140 1273 4177 con·

110 4246 114 4252 ·
155 4219 268 4280 cabima,
291 4219 408 4282 quoniam
431 4232 484 4283 cap.
500 4221 518 4269 i.
531 4232 591 4269 sose.
602 4221 642 4268 24.
654 4221 693 4268 Do
711 4215 820 4278 reform.
839 4217 956 4264 matrico.
967 4213 994 4262 iu
1013 4211 1118 4262 concilio
1137 4206 1275 4263 tridentino

159 4299 360 4352 benedictionem
370 4298 560 4352 smardotoicm
572 4297 734 4360 adscrmom
743 4296 906 4348 matrimonii
917 4294 1054 4359 requirite
