2872 5062
342 386 471 452 caeru.
490 389 530 436 nr
546 388 677 438 uxrem.
699 388 810 437 exvxxxs
832 389 922 439 nuce.
944 389 1014 438 xer.
1032 391 1075 438 xv.
1193 365 1265 439 329

157 505 417 580 christianorum
443 507 636 604 coniugium
663 524 710 580 tot
735 508 780 579 sit
805 508 969 581 munitum
991 510 1119 604 gratiae
1138 512 1265 607 praesi-

159 622 225 694 diis
253 621 295 693 ad
320 620 427 694 levius
453 622 603 694 eiusdem
630 647 731 694 onera
756 622 911 707 ferenda3
932 621 1062 695 etiamsi
1084 621 1170 696 ultro
1187 649 1267 697 con-

159 737 329 809 trahentes
344 738 379 808 in
393 763 430 810 se
444 737 640 835 perferenda
659 764 761 812 onera
774 737 832 810 illa
843 736 991 811 volentes
1007 739 1217 839 scientesque
1231 740 1266 810 in

159 868 355 952 perpetuum
374 853 578 952 suscipiant;
600 852 762 951 quidnam
775 853 839 927 erit
850 854 1054 926 censendum
1067 855 1109 927 de
1124 856 1267 930 scenicis
1332 849 1333 852 ¹

121 1046 124 1052 ,
159 968 228 1041 illis
246 968 392 1068 nuptiis,
414 995 500 1066 quae
518 969 574 1042 his
592 970 748 1043 omnibus
774 969 950 1042 destitutae
973 985 1071 1057 sunt,
1093 997 1179 1069 quae
1197 969 1268 1044 nul-

158 1083 226 1157 lius
252 1085 288 1155 in
313 1111 350 1157 se
374 1084 498 1157 valoris
525 1085 588 1157 sub
616 1085 736 1182 quovis
761 1099 915 1183 respectu
946 1099 1042 1171 sunt,
1070 1085 1138 1158 imo
1162 1099 1196 1156 et
1220 1111 1269 1158 re

157 1199 317 1298 probatae
336 1215 370 1272 et
386 1199 594 1286 inhonestae,
611 1215 716 1298 atque
728 1227 768 1273 ex
780 1199 853 1273 sola
866 1200 1012 1301 pendent
1032 1199 1171 1273 humani
1187 1201 1269 1272 irre-

158 1312 340 1414 ligiosique
364 1314 568 1411 legislatoris
594 1314 785 1388 voluntate?
798 1317 882 1388 Num
909 1317 1023 1416 itaque
1040 1315 1083 1388 ab
1097 1316 1170 1388 eius
1184 1331 1268 1389 nutu

159 1445 193 1500 et
206 1429 344 1502 arbitrio
365 1431 511 1530 pendere
527 1429 662 1503 debebit
675 1446 781 1522 status
795 1446 842 1504 tot
853 1429 1108 1504 difficultatibus
1122 1429 1266 1517 obsitus,

160 1570 247 1642 quae
267 1544 378 1617 illum
406 1545 651 1637 intolerabilem
673 1547 877 1646 quandoque
902 1544 1075 1619 reddunt?
1099 1545 1208 1645 ldque
1232 1547 1268 1617 in
1325 1554 1328 1561 ’

158 1675 382 1757 perpetuum,
412 1659 441 1732 si
467 1685 566 1733 casus
591 1661 757 1760 excipias,
786 1689 871 1762 quos
897 1661 1092 1758 legislatori,
1105 1660 1270 1760 placuerit

158 1790 305 1848 statuere
319 1776 362 1848 ad
377 1776 555 1851 divortium
574 1776 788 1850 laciendum?
806 1778 892 1851 Velis
911 1778 1011 1876 igitur
1034 1776 1137 1863 nolis,
1163 1777 1270 1849 laten-

161 1889 242 1962 dum
269 1905 341 1977 est,
371 1889 497 1987 legem,
519 1917 605 1990 quae
627 1893 735 1964 sancit
759 1892 914 1989 coniugia
942 1892 1074 1979 civilia,
1099 1891 1269 1965 adversari

161 2006 340 2102 coniugum
357 2004 520 2093 libertati,
537 2030 577 2078 ac
590 2005 661 2079 fieri
674 2007 774 2078 etiam
788 2034 828 2080 ex
841 2007 905 2085 hoc
919 2007 1027 2105 capite
1045 2006 1267 2105 tyrannicam.

234 2120 301 2193 Sed
321 2136 354 2194 et
375 2121 549 2220 tyrannica
569 2122 681 2194 evadit
705 2123 821 2194 eadem
848 2122 900 2194 lex
925 2147 1004 2218 erga
1029 2122 1168 2220 prolem.
1185 2123 1269 2194 Nam

159 2254 197 2309 ut
223 2253 354 2310 constat
381 2264 422 2310 ex
446 2237 569 2323 dictis,
607 2264 711 2337 quum
743 2237 793 2323 ii,
822 2237 879 2335 qui
909 2235 1156 2309 matrimonium
1183 2261 1267 2333 pure

159 2352 258 2426 civile
279 2352 468 2440 celebrant,
497 2354 689 2427 necessario
720 2353 896 2448 irreligiosi
926 2353 1018 2438 sint,
1050 2349 1268 2450 perditaeque

159 2468 401 2555 conscientiae;
416 2468 463 2566 *bi
485 2469 611 2569 quippe
629 2469 728 2542 unice
747 2468 921 2566 cupiditati
948 2467 1133 2566 explendae
1157 2466 1270 2540 indul·

157 2599 256 2683 gent,
289 2584 437 2685 alioquin
466 2584 558 2658 nullo
584 2584 683 2658 modo
705 2585 867 2657 auderent
885 2611 922 2657 se
939 2583 1103 2656 eiusmodi
1125 2582 1268 2681 nuptiali

163 2700 298 2776 loedere
322 2701 469 2798 illigare,
494 2701 573 2775 hinc
594 2702 792 2801 plerumque
805 2701 842 2774 fit
853 2716 890 2774 ut
903 2701 962 2773 filii
976 2701 1076 2774 abiis
1090 2699 1266 2800 procreati,

160 2815 420 2890 reclamantibus
446 2817 577 2891 iuribus
595 2816 769 2904 omnibus,
790 2816 934 2890 debeant
950 2817 1060 2889 ethica
1082 2815 1141 2888 illa
1161 2841 1200 2888 ac
1221 2841 1270 2886 re

159 2929 281 3028 ligiosa
312 2930 524 3004 institutione
551 2932 713 3019 destitui,
743 2958 831 3030 quae
855 2933 922 3003 vim
948 2932 984 3003 in
1009 2945 1112 3004 totam
1136 2929 1269 3002 illorum

159 3048 250 3122 vitae
275 3047 396 3123 seriem
421 3074 461 3122 ac
486 3048 650 3121 rationem
680 3047 793 3120 babet.
824 3049 945 3147 Utique
976 3073 1051 3119 cum
1078 3047 1113 3116 in
1144 3045 1268 3118 iuniori

160 3164 273 3251 adbuc
297 3182 474 3238 versantur
503 3180 626 3252 aetate,
650 3163 686 3236 hi
712 3165 805 3262 parri
826 3180 885 3237 aut
908 3162 1005 3234 nihili
1030 3161 1157 3234 iaciunt
1180 3161 1269 3249 hanc

161 3305 261 3354 suam
283 3280 468 3376 originem,
489 3280 646 3353 vitiosam
672 3277 1067 3376 itemirreligiosamque
1093 3290 1268 3375 parentum

160 3420 241 3491 erga
254 3420 292 3467 se
304 3395 426 3491 agendi
451 3394 634 3481 rationem,
664 3409 764 3493 atque
789 3393 966 3466 exitiosum
994 3391 1200 3488 neglectum;
1218 3408 1271 3464 ast

160 3535 238 3583 cum
265 3509 490 3598 adoleverint,
516 3510 797 3608 maturioremque
823 3508 991 3605 attigerint
1016 3521 1178 3593 aetatem,
1204 3507 1270 3579 nisi

159 3626 313 3726 perversi
326 3627 463 3701 omnino
476 3626 617 3718 luerint,
634 3625 889 3725 deprehendunt
905 3624 1028 3713 malam
1049 3638 1150 3722 atque
1170 3622 1270 3694 etiam

158 3743 357 3841 pessimam,
379 3769 480 3843 quam
499 3743 593 3816 nacti⁴
606 3758 696 3827 sunt,
719 3741 979 3826 institutionem,
996 3767 1036 3812 ac
1054 3739 1160 3837 legem
1180 3738 1271 3809 incu-

159 3872 258 3944 sant,
282 3857 372 3957 quod
399 3858 434 3928 in
460 3882 564 3931 causa
589 3856 733 3930 extiterit
758 3854 849 3928 illius
871 3854 1033 3941 delectus,
1058 3880 1159 3952 quem
1176 3853 1211 3924 in
1233 3877 1271 3933 se

157 3973 396 4072 experiuntur,
425 3973 547 4073 cuique
572 3971 719 4070 amplius
744 3997 811 4044 non
838 3985 981 4069 possunt
1007 3993 1207 4061 occurreret.-

233 4087 378 4173 Quodsi
397 4086 544 4186 perversi
570 4115 648 4162 esse
672 4086 975 4187 perseveraverint,
1000 4085 1133 4179 exleges
1160 4108 1200 4155 ac
1221 4083 1271 4159 lan

157 4205 326 4292 cinerosi,
354 4218 453 4303 prout
478 4205 673 4303 plerumque
694 4203 817 4276 accidit
840 4203 875 4274 in
902 4201 1080 4275 mortiferis
1106 4197 1271 4271 fructibus

157 4345 198 4390 ex
224 4318 395 4393 mortifera
413 4319 531 4391 arbore
553 4318 813 4416 prodeuntibus,
837 4318 870 4388 id
889 4319 923 4389 in
941 4314 1086 4415 acceptis
1106 4315 1186 4387 huic
1204 4314 1269 4410 legi
1283 4305 1321 4397 {s

1252 4419 1285 4478 d
