2872 5062
160 321 226 391 llt
352 341 413 390 nrn.
436 338 458 386 1.
482 339 569 389 scor.
592 339 726 388 manna.
747 338 939 388 ornarunt.
959 338 1066 388 curm.

229 457 433 531 Gravissima
451 457 565 555 itaque
583 455 706 528 erravit
721 470 833 530 orator
851 454 1055 554 subalpinus
1067 453 1103 526 in
1115 445 1271 554 eo,quod

157 572 337 647 affirmavit
364 571 543 646 concilium
579 571 794 644 adhaerendo
820 566 962 644 consilio
987 570 1161 669 Campegii
1183 583 1273 644 'con-

156 704 298 762 tractum
323 714 343 760 a
368 704 577 761 sacramento
598 689 792 760 seiunxisse.
818 689 891 762 Non
909 687 956 759 ita
974 712 1012 759 se
1029 687 1137 782 gessit
1159 687 1274 760 conci-

158 805 259 892 lium,
277 803 338 877 sed
355 818 548 877 constanter
569 803 730 875 unitatem
748 802 1071 876 realemlassumons
1092 802 1141 874 nti
1161 801 1274 879 basim

159 919 322 992 retinendi
336 932 526 993 contractus
537 936 569 992 et
578 921 792 1007 sacramenti,
805 945 967 1019 personas
977 944 1064 1018 quae
1073 932 1276 992 attentarent

158 1036 351 1133 coniugium
372 1035 436 1108 sub
460 1035 568 1109 lorma
585 1063 605 1110 a
623 1061 661 1109 se
678 1036 886 1136 praescripta
906 1034 1040 1108 divorsa
1056 1033 1205 1107 reddidit
1222 1035 1274 1105 in·
1306 1070 1309 1078 ·

158 1152 290 1225 habiles
313 1151 356 1225 ad
376 1152 656 1240 contrahendum,
684 1152 837 1252 adeoque
853 1167 887 1224 et
903 1149 1073 1223 inhabiles
1095 1151 1139 1223 ad
1164 1176 1276 1224 sacra-

159 1284 309 1341 mentum
322 1267 569 1342 conficiendum
586 1270 699 1365 (101);
717 1269 798 1368 qnia
815 1269 878 1341 etsi
892 1268 926 1339 in
941 1294 977 1339 re
993 1293 1098 1341 unum
1117 1265 1276 1364 idemque

158 1383 228 1456 sint
244 1399 435 1457 contractus
452 1385 658 1458 matrimonii
678 1401 710 1457 et
728 1375 993 1470 sacramentum,
1018 1399 1132 1456 tamen
1148 1379 1274 1455 rattbnc

162 1524 224 1572 seu
249 1501 439 1596 copitotiooc
465 1500 549 1573 alter
575 1500 618 1573 ab
646 1499 749 1574 altero
767 1483 1014 1596 distinguituu
1042 1497 1152 1594 logice
1184 1498 1273 1568 enim

161 1615 255 1714 prius
273 1631 325 1688 est
341 1631 531 1690 contractus
550 1642 652 1714 quam
670 1631 929 1690 sacramentum.
950 1613 1027 1686 Dixi
1044 1615 1188 1696 rationo,
1205 1638 1272 1685 non

159 1743 271 1802 autem
296 1745 468 1829 tamquam
493 1757 546 1801 res
563 1755 585 1802 o
600 1756 647 1814 ro,
675 1730 774 1829 quasi
801 1729 889 1802 duae
910 1745 1026 1802 essent
1046 1727 1203 1801 entitates
1223 1752 1274 1798 se-

159 1859 307 1943 paratae.
324 1847 363 1915 ln
376 1844 542 1918 eiusmodi
562 1844 752 1943 sphalmata
770 1845 942 1930 incidunt,
958 1843 1016 1942 qui
1035 1842 1156 1924 falcem
1176 1868 1272 1916 suam

161 1959 196 2032 in
222 1959 368 2033 alienam
394 1987 540 2034 messem
567 1962 746 2034 immittere
766 1976 999 2060 praesumunt.

234 2078 313 2150 Post
337 2076 421 2150 baec
446 2077 545 2149 facile
577 2077 642 2149 crit
672 2076 786 2151 lectori
818 2075 982 2148 iudicium
1017 2075 1103 2148 serre
1128 2074 1173 2147 de
1198 2101 1273 2172 gra-

159 2191 301 2266 vissima
330 2193 515 2266 adversarii
547 2193 785 2266 conclusione:
816 2192 1028 2291 Quapropter
1051 2189 1138 2287 legis
1164 2189 1273 2266 civilis

162 2306 346 2381 adversarii
368 2309 403 2380 in
424 2335 542 2381 conone
568 2309 698 2405 (dicere
713 2308 820 2383 voluit
832 2309 868 2379 in
880 2307 1024 2402 decreto)
1052 2305 1189 2379 concilii
1217 2305 1274 2378 tri-

158 2422 302 2512 dentini,
330 2423 414 2523 quin
439 2423 612 2497 inveniant
629 2425 833 2522 praesidium
851 2439 909 2496 aut
925 2421 1075 2510 tutelam,
1094 2421 1271 2496 inveniunt

158 2537 302 2610 ruinam.
334 2538 445 2624 Quum
471 2540 680 2638 praemissae
704 2540 807 2612 buius
837 2537 1103 2613 ratiocinationis
1135 2553 1274 2611 assutae

159 2651 228 2725 sint
251 2652 389 2726 totidem
414 2655 583 2727 erroribus
610 2681 649 2728 ac
675 2655 908 2741 falsitatibus,
936 2653 1181 2752 consequentia
1207 2678 1272 2727 non

158 2766 276 2840 debuit
300 2766 344 2841 ab
370 2767 439 2841 illis
472 2769 676 2869 discrepare.
707 2773 836 2870 Nempe
869 2769 985 2842 debuit
1016 2793 1093 2840 esse
1125 2767 1215 2841 lalsa
1242 2782 1273 2840 et

159 2882 326 2973 absurda,
346 2885 394 2956 uti
422 2911 537 2958 revera
554 2902 616 2959 est.
638 2888 722 2959 Nam
741 2913 817 2960 cum
834 2885 1015 2960 concilium
1033 2883 1159 2958 realem
1177 2882 1273 2956 iden-

161 3001 287 3074 titatem
313 3001 487 3098 agnoverit
511 3019 701 3076 contractus
726 3019 760 3076 et
785 3003 1002 3088 sacramenti;
1020 3027 1096 3075 oum
1111 3026 1172 3099 per
1188 2997 1272 3096 logi-

159 3138 233 3188 cam
245 3114 495 3189 distinctionem
512 3117 657 3214 attigerit
673 3145 835 3217 personas
853 3117 1100 3201 contrahentes,
1118 3114 1271 3212 adeoque

160 3254 221 3327 per
253 3227 498 3303 inhabilitatem
533 3257 751 3329 personarum
787 3231 830 3304 ad
861 3230 1158 3315 contrabendum,
1193 3227 1273 3300 abc

158 3341 276 3415 leserit
299 3370 360 3417 seu
386 3345 564 3419 irritaverit
590 3346 715 3420 directe
740 3348 853 3447 ipsum
878 3360 1216 3444 contractum,'patet
1231 3370 1271 3416 ex

159 3457 357 3548 tridentino,
376 3488 445 3534 non
471 3462 578 3560 legem
603 3463 752 3549 civilem,
773 3464 833 3536 sed
859 3463 1037 3537 ecclesiam
1062 3462 1118 3534 ius
1143 3460 1270 3534 habere

154 3573 196 3645 -in
229 3590 435 3648 contractum
468 3577 696 3665 matrimonii,
725 3604 765 3651 ac
790 3578 933 3676 proinde
961 3604 1028 3650 non
1057 3575 1269 3649 adversarios

158 3689 245 3788 legis
263 3690 392 3779 civilis,
414 3693 474 3764 sed
492 3693 566 3766 eius
584 3693 847 3794 patrocinatores
870 3720 948 3768 vere
973 3693 1124 3767 invenire
1141 3693 1179 3763 in
1196 3717 1270 3764 con-

159 3805 238 3879 cilio
255 3805 435 3880 tridentino
453 3807 597 3896 ruinam,
614 3835 675 3881 seu
687 3824 724 3881 ut
736 3807 884 3908 loquitur
896 3823 1024 3895 orator,
1048 3807 1265 3904 sepulchrum.

153 3975 156 3980 -
233 3921 409 4021 Reliquum
434 3938 501 4009 est,
522 3940 559 3995 ut
582 3923 756 3996 videamus
781 3940 893 3996 utrum
919 3939 1053 3998 senator
1078 3940 1194 3998 noster
1219 3945 1267 3995 sa·

159 4037 273 4134 gacior
297 4039 440 4113 extiterit
465 4039 655 4128 canonista,
684 4066 785 4139 quam
811 4037 987 4137 theologus
1012 4056 1046 4116 et
1069 4039 1263 4115 historicus.

232 4235 298 4298 (tot)
312 4236 350 4286 ct.
364 4236 479 4288 Pallavic.
491 4252 532 4302 op.
544 4239 587 4288 cit.
596 4237 639 4288 lib.
650 4240 725 4288 xxn.
737 4238 1109 4303 cap.a.necnonBoncd.x1v.
1125 4242 1164 4290 De
1174 4236 1266 4303 synodo

158 4314 238 4366 dtoec.
251 4315 293 4366 lib.
308 4319 480 4380 thl.cap.11.
