2872 5062
210 378 279 429 cnr.
294 378 327 427 v.
344 376 385 428 nn
397 374 515 427 nister.
526 374 683 427 ccnrmn.
698 376 769 426 aar.
790 377 824 427 u.
841 377 915 428 nne.
932 378 1109 430 mnnrrron.
1163 357 1230 430 tm

121 495 187 572 non
212 494 354 570 obscure
377 495 520 568 traditur
535 495 571 566 in
593 495 784 569 Ortltodoao
807 496 885 596 fidei
908 496 1103 597 confessione
1122 498 1237 574 adrer-

120 641 179 690 sus
200 613 316 715 Cyrilli
335 610 472 686 Lucanis
491 638 621 686 errores
641 627 791 701 exarata,
813 613 849 685 in
870 640 938 713 que
956 614 1095 712 legitur:
1122 646 1139 684 n
1154 612 1236 690 Ser·

120 749 191 806 tum
212 724 456 804 sacramentum
477 745 529 802 est
549 729 809 817 matrimonium,
826 731 916 830 quod
931 749 1111 831 postquam
1132 732 1235 806 luturi

122 846 240 946 sponsi
265 844 332 919 sibi
351 860 467 918 mutuo
488 845 588 917 fidem
609 846 816 943 coniugalem
843 846 1022 936 dederunt,
1046 865 1098 922 est
1119 850 1236 949 confir-

120 978 246 1036 matum
263 976 359 1060 utque
380 958 579 1033 benedictum
596 989 618 1034 c
636 960 799 1036 sacerdote
823 965 916 1058 (at);
937 993 954 1034 a
976 990 1042 1037 non
1066 990 1146 1038 vero
1160 991 1236 1070 eop-

120 1081 260 1179 sectum,
288 1092 347 1153 aut
369 1075 650 1150 administratum.

146 1245 150 1250 ·
193 1194 292 1281 Quod
309 1219 389 1268 vero
401 1193 518 1275 attinet
529 1194 572 1266 ad
587 1193 720 1267 ritualia
738 1195 900 1268 ecclcsiae
916 1195 1155 1284 occidentalis,
1179 1221 1235 1270 res

123 1308 225 1409 plane
241 1308 393 1383 conlecta
409 1324 479 1397 est,
495 1310 573 1382 siin
585 1326 730 1383 mentem
748 1336 941 1385 revocemus
962 1337 1049 1411 quae
1067 1339 1107 1384 ex
1118 1313 1239 1385 Marte·

123 1425 178 1498 nio
197 1418 418 1512 addurimus3
440 1419 579 1512 etenim,
603 1424 679 1523 ipso
699 1439 857 1512 testante,
881 1425 916 1497 in
937 1424 1030 1500 nullo
1051 1426 1235 1527 antiquiori

121 1540 232 1614 rituali
250 1540 446 1629 latinorum,
470 1541 609 1639 perinde
628 1567 668 1614 ac
689 1541 725 1611 in
746 1540 839 1614 nullo
857 1567 1018 1641 umquam
1035 1542 1236 1640 anthologia

121 1682 318 1754 graecorum
339 1656 442 1730 verba
461 1657 539 1744 illa,
556 1683 644 1756 quae
664 1684 754 1731 nunc
774 1685 796 1730 a
816 1658 990 1731 sacerdote
1006 1659 1041 1729 in
1059 1650 1240 1755 iungendis

121 1772 248 1872 nuptiis
270 1773 496 1872 prosemntur:
524 1775 595 1872 Epo
616 1800 673 1846 cos
695 1777 868 1873 cooiuoqc,
893 1800 1002 1874 neque
1024 1774 1092 1847 alia
1112 1774 1168 1846 his
1189 1766 1237 1847 si-

120 1888 214 1961 milia
232 1889 455 1987 reperinntur.
477 1889 604 1989 Atque,
625 1891 673 1963 uti
696 1916 737 1964 ex
757 1883 878 1963 iisdem
896 1890 1106 1964 documentis
1126 1906 1234 1991 patet,

120 2019 187 2078 tota
212 2004 414 2078 sacramenti
441 2005 524 2078 ratio
545 2031 585 2078 ac
604 2007 752 2078 essentia
772 2020 888 2078 mutuo
908 2005 1085 2104 utriusque
1108 2022 1239 2079 contra-

121 2118 233 2192 hantis
260 2144 428 2193 consensu
453 2119 700 2193 absolvebatur.
730 2120 846 2193 Cetera
870 2146 949 2192 vero
973 2120 1088 2193 omnia
1115 2120 1159 2193 ab
1180 2147 1237 2194 ec-

121 2234 226 2308 cleeia
243 2234 374 2309 adiecta
390 2235 525 2307 suntad
539 2237 696 2308 maiorem
715 2234 975 2308 declarationem
996 2235 1135 2332 gratiae,
1152 2254 1240 2334 quae

122 2351 309 2426 contractui
335 2351 503 2448 coniugali
529 2352 564 2422 in
591 2376 676 2424 nova
702 2352 775 2448 lege
800 2378 840 2425 ex
865 2351 989 2424 Christi
1019 2351 1153 2424 Domini
1181 2378 1238 2425 vo-

121 2457 249 2540 luntate
274 2467 502 2568 edocuisset,
531 2481 564 2539 et
587 2468 631 2540 ad
657 2467 744 2539 bona
769 2495 789 2539 a
814 2469 884 2541 Deo
910 2493 1011 2568 super
1036 2466 1237 2564 coniugibus

121 2583 321 2670 obtinenda3
347 2609 426 2670 seu,
450 2599 487 2655 ut
511 2583 660 2683 loquitur
678 2585 834 2657 laudatus
856 2599 987 2671 auctor,
1010 2600 1047 2657 ut
1068 2599 1239 2658 contracto

122 2725 182 2798 par
199 2690 403 2772 consensum
417 2690 652 2786 matrimonio,
678 2698 944 2799 benedictoque,
962 2707 1007 2772 ao
1022 2699 1136 2772 manui
1160 2699 1242 2772 sini·

128 2828 217 2886 strae
234 2840 378 2913 sponsae
395 2813 552 2912 imposito
570 2813 711 2901 annulo,
733 2815 887 2913 fusisque
904 2813 1093 2899 nonnullis,
1114 2813 1246 2912 quibus,

129 2929 227 3002 novis
256 2929 455 3027 coniugibus
474 2929 561 3002 bene
582 2930 782 3028 precabatur
803 2930 979 3014 sacerdos
1007 2927 1235 3014 orationibus,

125 3043 160 3114 in
186 3041 363 3117 ecclesiam
388 3043 703 3131 introducebantur,
726 3045 802 3132 ubi,
825 3044 931 3117 missa
949 3041 1133 3128 celebrata,
1162 3057 1241 3116 ante

123 3158 395 3232 communionem
419 3158 561 3258 nuptias
581 3158 772 3232 solemniter
795 3156 1016 3231 benedicebat
1040 3159 1128 3252 (25).

199 3272 488 3358 Quemadmodum
514 3290 625 3347 autem
651 3275 685 3345 in
710 3274 863 3347 ecclesiis
889 3272 1110 3346 orientalibus
1136 3272 1239 3344 dene-

124 3387 268 3487 gabatur
290 3389 403 3463 viduis
429 3390 548 3463 iterum
570 3390 772 3463 nubentibus
799 3389 984 3476 coronatio,
1008 3388 1112 3462 sicin
1133 3387 1240 3461 eccle-

123 3505 176 3578 sia
199 3505 400 3580 occidentali
426 3507 655 3605 denegabatur
676 3506 836 3606 nuptialis
860 3505 1060 3579 benedictio.
1090 3505 1128 3576 ld
1149 3504 1240 3603 quod

125 3620 262 3694 disertis
283 3621 396 3694 verbis
416 3623 518 3695 tradit
539 3651 567 3696 s.
587 3623 766 3697 Caesarius
790 3622 958 3696 scribens:
983 3651 1000 3690 «
1016 3620 1083 3706 Qui
1102 3646 1239 3693 uxorem

126 3752 219 3836 optat
236 3739 405 3838 accipere,
427 3739 514 3813 sicut
531 3739 624 3812 illam
640 3740 804 3837 virginem
822 3739 973 3812 invenire
989 3736 1174 3822 desiderat,
1194 3735 1240 3805 ita

125 3851 200 3952 ipse
219 3878 329 3954 usque
350 3855 393 3926 ad
416 3855 549 3956 nuptias
569 3856 662 3954 virgo
685 3857 745 3928 sit:
767 3856 847 3954 quia
868 3855 897 3926 si
918 3880 984 3926 non
1005 3851 1121 3936 fuerit,
1148 3850 1239 3920 bece-

124 4032 278 4096 quatrltmes
292 4046 378 4096 noces,
395 4037 421 4085 et
433 4048 477 4099 par
493 4037 642 4098 consequent
652 4035 725 4084 celles
737 4034 792 4083 sont
801 4047 835 4082 nn
845 4034 992 4094 sacrament,
1002 4043 1051 4094 que
1060 4030 1083 4080 le
1092 4026 1212 4078 detantde
1222 4027 1246 4076 le
1293 4057 1296 4065 ‹

124 4113 282 4166 mdectction
292 4114 325 4167 de
333 4115 425 4179 l’aglise
434 4130 465 4166 ne
474 4118 532 4181 peut
540 4128 586 4179 pas
597 4115 717 4178 detmire;
729 4117 833 4179 pntsque
848 4115 915 4164 seton
926 4115 957 4164 st.
968 4113 1074 4162 Thomas
1090 4109 1136 4159 elle
1152 4122 1182 4158 ne
1198 4107 1243 4157 tatt

126 4207 171 4257 pas
181 4196 263 4259 partie
271 4195 305 4245 dn
316 4198 476 4247 sacrament.»

200 4277 252 4339 (tt)
268 4278 368 4334 Quaett.
379 4284 431 4329 115.

198 4354 249 4420 (aa)
267 4356 426 4422 Marltnecp.
438 4357 480 4407 ott.
493 4357 535 4407 nn
551 4360 570 4408 1.
581 4371 636 4422 cap.
650 4359 691 4408 tx.
706 4359 751 4407 art.
766 4355 844 4420 111.§.
858 4364 880 4404 a.
