2872 5062
341 325 410 413 cir.
426 360 449 408 r.
464 358 505 407 nn
523 357 653 408 uranu.
677 325 790 408 otonis
807 355 943 406 aarum.
965 356 1036 406 mr.
1052 356 1087 406 u.
1204 333 1271 405 tto

153 503 247 578 quae
272 503 311 551 se
335 475 448 550 locum
469 474 620 549 obtinere
645 473 819 547 contendit
842 472 1051 548 auctoritatis
1069 471 1222 560 divinae,
1240 473 1275 546 id

157 594 312 678 afficere,
341 591 432 691 quod
457 617 498 664 ex
523 589 697 663 hominnm
731 588 920 688 pervicacia
944 615 1045 685 aegro
1072 587 1200 662 obtinet
1222 587 1276 664 uel

158 710 236 808 ipsa
261 707 443 781 auctoritas
460 706 588 780 divina.
610 704 777 779 Omnibus
803 704 906 801 igitur
931 704 1121 803 perpensis,
1151 705 1279 804 perspi·

158 850 259 898 enum
279 838 331 896 est
347 822 485 895 unicum
510 821 656 894 solidum
682 814 950 906 fundamentum,
970 820 1023 893 cui
1044 819 1142 893 inniti
1167 819 1280 894 valeat

159 938 366 1039 perpetuitas
397 935 706 1011 indissolubilitatis
740 935 907 1033 coniugii,
936 961 1012 1009 osse
1044 933 1274 1031 religionem,

159 1071 282 1150 nempe
299 1050 476 1124 ecclesiam
493 1049 712 1136 catholicam,
738 1075 826 1147 quae
841 1049 870 1124 si
884 1049 991 1135 desit,
1012 1047 1097 1121 nihil
1115 1049 1277 1148 estquod

160 1168 359 1243 tantundem
384 1167 499 1241 valere
522 1167 641 1266 possit.

234 1285 283 1357 Ne
298 1309 377 1358 vero
402 1283 578 1357 videamur
603 1281 743 1355 theoriis
769 1298 897 1355 tantum
924 1298 1025 1381 atque
1044 1279 1279 1382 speculationi·

160 1399 226 1471 bus
253 1399 372 1485 inniti,
401 1398 546 1498 publicis
573 1397 785 1498 potissimum
809 1423 850 1470 ac
876 1398 1016 1472 notoriis
1042 1397 1164 1485 factis,
1192 1421 1280 1495 quae

160 1512 327 1599 diximus,
356 1513 613 1599 confirmamus;
639 1501 679 1586 ao
699 1539 742 1586 ne
763 1513 896 1586 illorum
921 1513 1136 1588 multitudine
1161 1511 1280 1585 obrua-

160 1655 258 1715 mur,
286 1627 447 1702 nonnulla
463 1655 504 1702 ex
522 1628 761 1703 recentioribus
787 1629 984 1727 praesertim
1010 1625 1281 1701 commemorabi·

162 1768 253 1829 mus,
281 1769 368 1841 quae
391 1769 433 1816 ex
457 1742 547 1817 civili
570 1743 726 1840 coniugio
755 1744 947 1818 immediate
972 1743 1159 1816 dimanant.
1189 1741 1281 1814 llaec

159 1874 276 1931 autem
302 1873 453 1956 petemus
478 1884 519 1933 ex
544 1858 740 1945 Germania,
765 1885 806 1931 ex
827 1858 981 1933 Amerioa
1007 1856 1278 1958 septentrionali,

158 1973 310 2073 aliisque
336 1974 542 2071 regionibus,
563 1973 598 2046 in
623 1974 748 2073 quihus
778 1975 948 2073 praevalet
972 1973 1277 2074 protestantismus.

235 2087 342 2161 Simul
368 2088 458 2161 enim
475 2113 516 2161 ae
536 2103 772 2186 protestantes,
793 2113 935 2163 excussa
952 2087 1115 2162 ecelesiae
1137 2087 1283 2160 auctori-

160 2218 251 2290 tate,
279 2201 324 2276 ab
349 2230 389 2277 ea
413 2203 649 2278 subtraxerunt
673 2204 889 2301 coniugium,
916 2203 1069 2303 illudque
1086 2202 1130 2275 ad
1148 2201 1281 2275 ciuilem

161 2317 394 2391 anctoritatem
418 2319 677 2406 transtulerunt,
701 2319 792 2392 illico
816 2319 943 2391 aditum
965 2318 1009 2390 ad
1034 2316 1178 2390 divortia
1201 2340 1283 2413 apo·

161 2447 314 2507 ruerunt.
343 2434 394 2506 Ab
426 2434 520 2509 initio
552 2435 689 2535 quidem
714 2435 800 2509 duas
831 2451 959 2509 tantum
991 2432 1126 2507 divortii
1159 2457 1282 2506 causas

161 2547 403 2644 assignarunt,
425 2548 553 2622 scilicet
573 2549 776 2623 adulterium
793 2566 826 2624 et
843 2550 1033 2624 affectatam
1051 2547 1205 2645 coniugis
1222 2545 1284 2620 ah·

163 2663 330 2750 sentiam
353 2663 475 2738 deinde
491 2690 570 2739 vero
587 2665 655 2738 huc
672 2664 757 2739 alias
776 2665 889 2766 plures
912 2689 1036 2739 causas
1061 2660 1279 2747 revocaruntss

161 2776 324 2850 nimirum
350 2778 558 2878 interpretati
583 2796 663 2854 sunt
686 2780 883 2856 huiusmodi
908 2806 1030 2854 causas
1048 2780 1091 2853 ad
1109 2784 1186 2853 enm
1211 2802 1285 2851 mo·

165 2889 262 2994 dnm,
280 2905 349 2992 qno
374 2893 639 2993 interpretantur·
654 2895 780 2983 Biblia,
808 2913 846 2969 ut
869 2922 909 2968 ea
934 2896 978 2969 ad
1003 2895 1039 2967 id
1063 2893 1280 2994 pertrahant,
1380 2974 1383 2979 ,

162 3005 257 3104 quod
282 3007 325 3080 iis
352 3010 462 3107 magis
488 3009 625 3083 arridet.
647 3010 735 3084 Hinc
752 3011 795 3084 ad
814 3038 952 3086 oausam
978 3010 1135 3084 adulterii
1162 3007 1284 3080 retule-

164 3134 244 3195 runt
260 3139 397 3220 peccata
413 3125 528 3198 omnia
547 3125 696 3198 carnalia
713 3141 829 3199 eontra
850 3143 1019 3211 naturam3
1036 3125 1079 3197 ad
1093 3122 1282 3196 affectatam

163 3250 278 3309 autem
291 3236 479 3311 absentiam
496 3256 694 3337 revocarunt
711 3244 781 3314 non'
794 3241 893 3314 modo
911 3239 1054 3331 insidias
1071 3253 1187 3312 contra
1204 3261 1284 3311 con-

162 3349 254 3446 iugis
277 3350 395 3440 vitam,
422 3354 657 3426 verumetiam
678 3355 869 3428 molitiones
895 3381 1012 3429 omnes
1038 3355 1201 3429 adversus
1227 3352 1285 3425 ho

164 3491 280 3538 norem
299 3483 332 3540 et
353 3468 545 3555 facultates,
576 3471 752 3544 saevitiam
777 3471 855 3542 item
881 3471 1069 3569 duramque
1094 3470 1216 3568 agendi
1235 3495 1285 3541 ra-

163 3579 317 3670 tionem,
344 3584 552 3660 aversionem
576 3585 679 3658 animi
705 3587 1070 3684 (incompott'bile'totem
1087 3589 1231 3679 vocant)
1252 3599 1286 3658 et

124 3748 126 3753 ·
161 3696 332 3794 querelas.
363 3699 405 3770 Et
429 3699 513 3773 haee
538 3701 674 3800 quidem
702 3701 865 3801 quamdiu
890 3701 1006 3775 titulos
1028 3715 1205 3774 servarunt
1230 3725 1285 3770 oo·

163 3814 295 3885 nonnos
321 3828 354 3885 et
378 3817 580 3912 cenopolicos
598 3816 641 3888 ab
659 3816 745 3914 ipsis
771 3833 1001 3916 nuncupatos,
1023 3833 1056 3890 et
1073 3816 1116 3889 ab
1135 3813 1285 3914 antiquis

162 3926 438 4002 reformatoribus
464 3931 674 4004 constitutos.
692 3934 875 4032 Postquam
891 3959 971 4006 vero
989 3930 1285 4032 protestantismus

162 4066 263 4139 suam
287 4068 422 4116 omnem
447 4045 684 4146 perfectionem
699 4073 759 4122 sen
772 4047 996 4123 evolutionem
1022 4044 1206 4146 acquisivit
1222 4070 1286 4144 ope

165 4153 410 4246 rationalismi,
446 4160 575 4233 nullum
603 4161 752 4261 amplius
782 4177 959 4236 servarunt
983 4161 1119 4235 modum
1151 4162 1225 4256 (20)
1253 4173 1286 4230 et

236 4326 288 4390 (to)
305 4329 490 4382 Protestantisnr
517 4330 626 4382 evolutio
646 4332 696 4382 dici
712 4333 785 4384 debet
802 4335 934 4398 praecipua
953 4333 1016 4383 ratio
1034 4334 1073 4383 tot
1092 4331 1283 4384 dfasototfonnrn
