2872 5062
200 351 253 402 XVI
651 347 838 397 ruomntuu.

198 495 270 546 sem
293 493 360 567 ope
385 466 577 550 traderem,
602 481 636 538 et
660 466 826 539 adversus
850 467 1013 540 ecclesiae
1037 467 1154 537 hostes
1174 489 1311 562 propu-

199 582 354 685 gnarem.

271 698 376 789 Quod
393 716 610 799 postremum
631 701 668 770 in
693 722 794 772 causa
812 698 962 771 ¹fortasse
980 700 1068 778 erit,
1090 712 1129 770 ut
1149 723 1312 795 quorum-

200 818 282 891 dam
306 817 489 890 bominum
513 815 649 910 linguas
666 827 702 886 et
718 837 821 887 voces
838 817 948 887 vitare
972 815 1112 910 penitus
1137 839 1209 887 uon
1231 838 1311 912 pos-

200 935 284 1016 sim,
310 947 413 1028 atque
432 954 555 1005 eorum
574 931 743 1013 maxime,
769 930 831 1026 qui
853 953 925 1001 non
948 930 1071 1002 eadem
1093 932 1312 1003 institutione

202 1049 331 1122 eruditi
356 1049 471 1120 minus
495 1069 604 1142 aeque
629 1045 696 1117 hac
714 1070 820 1144 super
839 1070 878 1118 re
899 1047 944 1118 de
968 1046 1196 1118 ecclesiastica
1214 1061 1313 1142 pote·

203 1179 290 1239 state
307 1177 343 1237 et
359 1165 436 1234 iure
459 1161 672 1260 apostolicae
693 1163 785 1235 sedis
806 1165 996 1258 opinantur
1021 1185 1060 1235 ac
1085 1164 1251 1235 sentiunt.
1269 1164 1314 1233 lis

201 1304 287 1356 vero
310 1280 371 1376 qni
398 1275 584 1351 obfirmata
610 1281 717 1351 animi
747 1281 917 1376 pravitate
948 1282 1139 1352 contrarias
1168 1303 1314 1377 prorsus
1338 1370 1341 1375 ι

202 1397 386 1493 opiniones
403 1407 596 1479 sectantur,
612 1397 743 1491 quique
762 1396 828 1467 hac
840 1399 915 1492 ipsa
933 1399 968 1468 in
990 1396 1068 1468 luce
1080 1420 1150 1493 qua
1163 1399 1314 1468 vivimus

202 1535 266 1613 per
290 1534 466 1584 summum
483 1511 579 1584 nefas
597 1515 727 1609 rogatis
745 1511 881 1608 legibus
903 1528 973 1585 tarn
993 1536 1099 1608 grave
1121 1526 1155 1585 et
1177 1514 1314 1612 pericu-

202 1626 319 1700 losum
331 1625 466 1699 bellum
482 1628 649 1703 adversus
665 1629 847 1702 ecclesiam
866 1643 1111 1712 commovent,
1131 1631 1168 1701 in
1186 1643 1316 1725 quanta

203 1743 334 1816 invidia
354 1743 494 1817 iuturus
510 1745 594 1828 sim,
608 1759 747 1818 nonest
763 1769 826 1819 cur
844 1746 979 1817 dicam:
997 1747 1071 1842 ipse
1084 1744 1190 1841 plane
1203 1748 1316 1817 sentio

204 1873 309 1957 atque
331 1860 503 1958 intelligo.
531 1860 600 1934 Sed
624 1860 669 1933 de
695 1863 766 1936 boc
787 1863 972 1936 hominum
994 1885 1143 1958 genere,
1163 1863 1316 1959 quinon

203 2000 322 2050 rerum
345 1979 589 2072 ignoratione,
624 1978 687 2052 sed
722 1978 889 2052 obstinati
920 1980 1026 2051 animi
1052 1980 1139 2051 vitio
1163 1980 1318 2050 veritatis

204 2086 453 2190 splendoribus
479 2106 634 2170 mentem
669 2094 886 2179 occludunt,
920 2094 1090 2168 sollicitus
1116 2094 1220 2191 plane
1245 2118 1317 2166 nou

204 2231 288 2283 ero:
315 2213 460 2282 caeteris
484 2225 536 2284 sat
557 2212 646 2285 mihi
668 2213 794 2284 videor
820 2212 992 2309 proluisse
1014 2212 1043 2284 si
1069 2234 1175 2283 omne
1200 2234 1320 2282 meum

205 2323 362 2399 studium
380 2340 485 2423 atque
500 2352 662 2426 operam,
681 2354 752 2426 qua
770 2330 920 2403 maxime
945 2330 1045 2425 potui
1072 2328 1319 2424 perspicuitate

204 2442 242 2512 in
263 2440 354 2514 hanc
379 2447 621 2519 tractationem
647 2447 871 2519 contulerim.

277 2559 448 2655 Equidem
471 2563 508 2643 in
533 2560 737 2657 theologicis
763 2564 850 2632 meis
872 2557 1195 2656 praelectionibus,
1228 2583 1319 2654 quae

204 2671 313 2770 vulgo
338 2674 649 2759 circumferuntur,
673 2675 719 2750 de
738 2676 808 2749 hoe
829 2674 954 2748 eodem
981 2688 1188 2770 argumento
1213 2688 1320 2770 prout

205 2788 363 2862 instituta
390 2791 577 2864 methodus
611 2790 832 2889 postulabat,
866 2793 936 2863 iam
964 2804 1064 2864 autea
1089 2793 1316 2888 scripseram:

206 2903 269 2976 sed
298 2928 338 2978 ea
369 2905 509 2981 brevius
530 2906 704 2992 fortasse,
731 2932 772 2981 ac
796 2909 948 2979 strictius
974 2906 1066 2979 dicta
1086 2906 1200 2979 videri
1219 2920 1321 3003 pote·

206 3037 307 3106 runt,
329 3037 364 3096 et
389 3025 499 3120 magis
523 3024 568 3096 ad
589 3038 720 3098 ceteras
743 3037 859 3121 partes
878 3047 984 3120 quam
1003 3020 1047 3096 ad
1063 3022 1269 3117 dignitatem
1286 3036 1321 3093 et

207 3138 475 3236 amplitudinem
492 3142 707 3214 tractationis
726 3139 999 3214 accommodata.
1013 3140 1133 3235 ltaque
1146 3162 1189 3213 eo
1206 3135 1322 3210 liben-

206 3253 289 3327 tiori
307 3257 425 3328 animo
444 3254 538 3328 hunc
554 3256 703 3331 alterum
721 3254 880 3330 laborem
898 3257 1051 3351 suscepi,
1066 3253 1166 3350 quod
1181 3266 1320 3348 gratum

207 3366 373 3442 omnibus
396 3392 454 3442 me
483 3369 656 3444 iacturum
680 3385 859 3468 putarem,
887 3371 1031 3465 siquae
1057 3367 1113 3441 vel
1140 3364 1322 3440 brevitatis

207 3504 309 3556 causa
322 3497 436 3561 essent
448 3486 569 3568 missa,
582 3485 638 3559 vel
652 3508 742 3583 quae
761 3486 885 3558 maiori
903 3497 1046 3580 egerent
1064 3480 1319 3564 declaratione,

207 3596 263 3670 vel
290 3621 381 3696 quae
408 3597 566 3674 conditio
590 3615 791 3699 temporum
818 3614 853 3673 et
878 3601 1061 3672 necessitas
1095 3597 1320 3694 postularet,

208 3711 318 3787 lusius
341 3717 378 3786 in
398 3716 468 3789 hoc
488 3740 596 3814 opere
622 3717 810 3791 adiicerem
835 3740 875 3790 ac
899 3717 1126 3788 cumularem.
1143 3715 1259 3808 Atque
1276 3713 1324 3784 ita

208 3827 282 3904 duo
307 3853 390 3906 sane
415 3833 488 3929 egi,
511 3856 601 3928 quae
622 3830 803 3920 volebam;
821 3845 860 3905 ut
879 3854 969 3904 nora
986 3829 1072 3904 baec
1094 3832 1254 3900 tractatio
1272 3826 1325 3899 al·

208 3953 320 4018 teram
344 3945 443 4019 illam
470 3969 560 4044 quae
588 3946 727 4022 extabat
751 3944 945 4043 compleret
975 3958 1078 4041 atque
1107 3940 1321 4040 perficeret,

208 4061 384 4158 simulque
404 4061 570 4137 adversus
594 4063 773 4161 religionis
794 4064 913 4137 hostes
933 4085 1000 4159 pro
1014 4083 1053 4134 re
1066 4058 1237 4133 catholica
1254 4081 1324 4153 qua

209 4197 350 4274 possem
379 4199 448 4276 opo
470 4175 661 4253 obiicerem
685 4203 743 4254 me
773 4192 878 4278 atque
902 4199 1133 4275 opponerem.
1159 4173 1263 4262 Quod
1295 4174 1324 4246 si

209 4292 382 4392 quaedam
417 4293 565 4375 fortasse
599 4309 786 4374 occurrent
821 4299 859 4369 in
895 4293 1024 4397 quibus
1059 4318 1132 4368 non
1166 4290 1325 4366 eamdem
