2872 5062
234 354 281 426 tt)
434 372 495 426 nn.
515 374 540 424 ι.
562 370 648 425 stur.
671 372 693 424 ι.
716 370 755 424 nr
774 371 904 425 aaran.
925 372 1137 427 sncmnsnro.

233 511 288 570 ter
311 506 363 567 ost
385 490 433 564 ibi
460 484 657 566 sacrementi
676 516 719 564 ne
740 485 844 566 facies
868 491 1016 591 quidem.
1035 490 1095 566 llla
1111 492 1202 566 enim
1218 493 1338 569 serbe:

232 609 304 707 qu
321 623 350 680 te
366 608 490 706 occipio
509 599 553 678 'in
575 629 680 678 mecm
703 620 761 677 etc.
779 607 917 679 omnino
938 606 1101 680 naturalia
1126 623 1220 697 sunt,
1241 623 1344 709 etque

230 723 387 798 omnibus
403 737 564 821 usurpata
580 721 753 818 gentibus,
769 745 856 820 quae
868 723 968 794 etiam
983 723 1056 795 sine
1069 721 1136 795 lide
1148 723 1337 797 cotruhunt.

303 838 417 925 Adde,
439 837 528 937 quod
553 838 658 909 forma
684 836 882 909 sacramenti
909 837 1078 934 significet
1094 863 1170 910 eum
1188 839 1342 939 spiritun-

232 953 298 1027 lem
317 953 489 1039 ellectum,
510 953 607 1026 onius
624 974 727 1024 censa
752 967 995 1024 sacramentum
1016 975 1091 1025 esse
1110 952 1342 1025 dicitur.Nam

234 1055 458 1155 sacramento,
487 1067 584 1140 utin
611 1066 746 1140 scholae
777 1067 951 1166 proverbio
980 1081 1049 1155 est,
1077 1064 1227 1141 efficiunt
1251 1067 1341 1167 qnod

233 1185 390 1282 figurant.
408 1182 613 1281 significatio
630 1197 738 1255 autem
753 1182 951 1257 sacramenti
965 1183 1000 1254 in
1013 1182 1183 1257 formavel
1196 1182 1342 1255 maxime

232 1298 360 1373 elucet:
381 1286 439 1371 ille
462 1323 541 1372 vero
564 1297 683 1371 verba:
704 1298 775 1398 qu
803 1312 831 1370 te
855 1299 981 1398 occipio
1004 1299 1040 1370 in
1064 1322 1184 1383 mam,
1213 1296 1341 1372 nullius

231 1413 341 1487 effoeti
368 1412 555 1514 spiritualis
579 1414 678 1511 signa
703 1426 792 1486 sunt.

303 1528 410 1602 Verba
427 1529 577 1629 insuper,
594 1553 680 1628 qnae
694 1542 771 1601 sunt
784 1543 1064 1602 sacrementomm
1077 1527 1214 1614 formae,
1226 1527 1342 1601 diviua

231 1630 444 1719 destitutione
472 1631 676 1744 praescripta
699 1656 732 1716 et
756 1643 975 1715 determinata
1004 1655 1100 1728 sunt,
1129 1662 1238 1741 neque
1262 1664 1341 1742 pos·
1391 1724 1396 1740 ι

231 1770 310 1832 sunt
336 1757 511 1831 hominum
540 1756 679 1830 arbitrio
701 1755 882 1829 immutari.
903 1755 945 1828 dt
966 1754 1088 1843 verbo,
1117 1755 1241 1854 quibus
1270 1778 1342 1829 ma-

230 1873 426 1946 trimonium
438 1871 654 1959 monebitur,
670 1895 710 1944 eo
723 1870 851 1944 ratione
863 1894 931 1970 que
943 1868 1106 1955 diximus,
1127 1892 1237 1968 neque
1249 1884 1340 1943 certa

229 1986 367 2060 omnino
391 1998 469 2059 sunt
494 2000 527 2058 et
552 1985 705 2072 delinita;
727 1985 794 2059 imo
811 1984 997 2059 innumeris
1021 1983 1254 2085 loquutionum
1273 1984 1342 2058 lor·

231 2099 333 2173 mulis
368 2099 478 2198 iisque
504 2124 570 2171 non
602 2099 810 2199 synonimis,
839 2097 899 2172 sed
923 2098 1026 2172 variis
1052 2122 1092 2171 ac
1114 2096 1341 2172 dissimilibus

230 2214 342 2289 efferri
368 2234 388 2287 s
411 2214 683 2288 contrahentibus
707 2238 768 2314 pro
793 2213 931 2288 arbitrio
961 2227 1119 2313 possunt:
1146 2214 1248 2311 igitur
1273 2239 1341 2286 non

228 2344 372 2430 possum
391 2352 431 2403 ea
455 2329 576 2416 verbe,
605 2329 730 2429 quibus
755 2344 892 2403 utuntur
917 2350 1062 2428 sponsus
1087 2342 1119 2400 et
1144 2350 1271 2427 sponsa
1296 2327 1341 2401 ed

228 2434 492 2555 contrahendum
522 2471 583 2544 pro
607 2444 782 2519 christiani
808 2444 1006 2519 sacramenti
1032 2445 1212 2519 constitute
1234 2444 1343 2550 imma

229 2549 340 2659 eocipi
362 2575 395 2632 et
411 2560 553 2633 censeri.

304 2675 493 2760 Praeterea,
523 2699 619 2746 nemo
651 2675 757 2747 nescit
788 2673 910 2762 verba,
942 2700 1029 2774 quae
1058 2674 1206 2747 formam·
1229 2698 1342 2749 secre-

229 2802 417 2862 mcntorum
440 2788 662 2876 constituunt,
682 2814 723 2862 ea
746 2813 842 2876 esse,
870 2813 931 2889 pro
955 2788 1078 2889 quibus
1105 2790 1134 2862 si
1160 2789 1214 2863 rel
1239 2806 1342 2864 nutus

229 2901 285 2976 vel
309 2902 492 3002 scriptura,
523 2900 576 2975 vel
605 2902 697 2975 aliud
727 2900 900 3002 quodlibet
933 2904 1066 3000 signum
1100 2901 1338 2991 substituetur,

229 3018 340 3092 manis
366 3019 452 3091 actio
476 3008 613 3092 omnino
637 3017 807 3092 redd-atur.
825 3019 894 3091 lam
915 3043 995 3092 vero
1019 3017 1340 3093 concedunt'omnes

229 3122 472 3209 sacramentum
498 3130 700 3206 matrimonii
725 3131 837 3206 valide
859 3131 1169 3206 econtrahentibus
1198 3132 1337 3219 confici,

231 3244 338 3345 quum
360 3273 420 3346 pro
445 3247 576 3334 serbis,
607 3262 722 3321 nutum
749 3243 911 3320 adhibent
935 3245 988 3320 vel
1010 3237 1224 3345 scriptionem
1252 3247 1342 3320 unde

229 3380 414 3432 consensus
443 3360 639 3434 innotescat.
665 3360 762 3448 Quod
792 3360 928 3460 quidem
955 3361 982 3434 si
1015 3360 1096 3459 quis
1116 3374 1204 3432 recte
1228 3361 1340 3432 oonsi-

230 3469 340 3563 deret,
368 3496 435 3549 nen
460 3472 534 3549 leve
556 3492 785 3574 argumentum
816 3492 887 3562 est,
919 3500 987 3574 quo
1014 3474 1117 3548 verba
1141 3464 1341 3548 contrahen-

229 3587 314 3660 tium
344 3586 447 3661 buius
479 3591 677 3663 sacramenti
715 3590 887 3664 materiam
920 3589 1031 3686 magis
1063 3612 1165 3687 quem
1198 3587 1341 3662 marn

229 3702 430 3777 constituere
448 3702 612 3775 dicantur.
629 3704 735 3805 ldque
752 3731 792 3779 eo
808 3705 862 3777 nol
879 3705 1007 3801 magis,
1029 3703 1120 3803 qood
1146 3726 1206 3802 pro
1225 3703 1339 3776 verbis

229 3840 318 3918 queo
333 3813 612 3892 metcrioe‘uioem
630 3819 772 3908 hubent,
793 3820 1075 3918 intelligiturque
1092 3818 1222 3891 retions
1238 3832 1338 3891 nutus

228 3929 362 4032 elinque
393 3931 491 4028 signa
520 3931 676 4007 substitui
711 3930 915 4033 quandoque
944 3932 1101 4031 possint3
1133 3954 1199 4031 pro
1225 3929 1338 4004 verbis

228 4061 355 4136 antem,
376 4072 466 4148 quae
489 4047 614 4121 lormae
638 4049 744 4122 vicem
767 4063 918 4136 teneant,
939 4047 1018 4147 poni
1037 4044 1129 4120 nullo
1146 4044 1246 4118 modo
1260 4069 1340 4144 pos·

229 4158 329 4248 eunt}
344 4161 624 4261 quomadmodum
637 4162 672 4234 in
686 4162 909 4263 poenitentioe
924 4175 1133 4234 sacramento
1150 4158 1250 4234 laoila
1267 4182 1339 4233 ocr-

229 4273 329 4347 nitnr.
344 4273 449 4349 Verba
474 4276 577 4374 igitur
599 4274 885 4362 contrabentium,
912 4299 1015 4375 quum
1033 4273 1207 4358 eiusmodi,
1218 4274 1288 4350 sint
1303 4287 1340 4347 ut
