2872 5062
158 373 203 444 tt
313 428 316 435 .
347 391 422 443 ω.
442 389 467 440 t.
489 387 576 440 secr.
597 388 621 438 r.
644 388 684 439 nu
701 382 834 439 utrnru.
856 342 1094 440 oromatum-u

156 508 461 586 ecciesiamsselam
486 533 565 582 uero
590 507 620 581 si
645 514 724 607 quis
750 506 873 580 attente
896 505 998 582 verba
1023 505 1107 579 haec
1120 530 1277 608 perpen-

157 626 263 714 derit,
292 621 720 722 colliget,·secerdotalem¹
738 622 960 723 precationem
987 620 1135 695 accedere
1156 622 1200 695 ad
1215 642 1277 698 'sa-

156 756 362 815 cramentum
386 738 611 825 matrimonii,
637 763 704 811 non
724 753 762 810 ut
781 752 1026 811 sacramentum
1047 737 1191 825 efficiat,
1212 737 1275 814 sed

157 871 193 929 ut
210 870 455 930 sacramentum
474 853 621 951 legitime
633 868 666 925 et
678 878 754 926 cum
767 852 876 926 fructu
889 851 1111 954 suscipiatur,
1126 877 1168 926 eo
1184 853 1275 953 quod

156 971 342 1046 celebretur
366 967 617 1041 matrimonium
638 968 674 1039 in
693 967 791 1041 facie.
804 967 984 1054 eeclesiae,
1005 981 1039 1040 et
1059 967 1151 1040 iuxta
1167 966 1276 1041 eecle-

157 1084 332 1158 siasticam
350 1083 450 1154 ritum
471 1096 504 1154 et
523 1081 764 1181 praescriptum
779 1081 822 1153 ab
834 1107 875 1154 ea
887 1080 1057 1168 ordinem,
1079 1106 1147 1154 non
1164 1095 1275 1155 autem
1313 1138 1316 1146 a

156 1197 366 1272 clandestina
379 1197 518 1270 ratione.
528 1196 620 1269 Nihil
633 1197 735 1293 igitur
748 1193 918 1270 continent
931 1195 973 1268 de
986 1195 1042 1284 iis,
1059 1221 1147 1296 quae
1159 1222 1277 1298 euper-

157 1313 278 1387 struxit
290 1311 413 1385 Canus.
423 1312 471 1385 Ne
480 1311 558 1412 quie
572 1337 669 1413 porro
682 1311 773 1385 dicat
786 1337 936 1398 sensum,
949 1337 1049 1411 quem
1062 1311 1205 1386 concilio
1217 1311 1277 1384 tri·

156 1428 313 1514 buimue,
330 1454 371 1501 ex
384 1442 498 1502 nostra
515 1427 786 1528 interpretatione
805 1426 970 1527 pendere,
986 1426 1108 1501 iuverit
1123 1425 1286 1503 animad.

157 1558 285 1617 vertere
302 1541 390 1616 hanc
407 1541 681 1627 instructionem,
702 1567 790 1641 quae
807 1541 890 1614 actis
912 1540 1047 1614 concilii
1072 1538 1276 1628 coloniensis

159 1657 285 1731 inserta
306 1673 375 1745 est,
397 1683 464 1730 non
481 1655 574 1729 aliud
596 1682 673 1730 esse
693 1682 794 1756 quam
814 1655 1036 1728 Euchiridion
1053 1655 1145 1756 quod
1161 1680 1278 1730 exara·

141 1772 206 1845 'vit
222 1771 385 1846 'celebris
398 1771 612 1873 Gropperus..
625 1772 727 1844 Porro
753 1771 940 1872 Gropperus
966 1795 1070 1868 agens
1095 1768 1142 1843 de'
1162 1769 1278 1844 matri·

159 1888 273 1960 monio
294 1887 430 1961 scribit:
455 1887 664 1987 «Superest,
691 1902 728 1959 ut
751 1887 890 1961 verbum
907 1902 941 1960 et
957 1885 1157 1960 elementum
1175 1884 1278 1960 huius

159 2001 359 2093 sacramenti
385 2000 592 2086 indicemus,
620 2016 654 2074 et
678 2001 819 2099 gratiam
835 2003 991 2101 insuper·
1008 2001 1044 2074 in
1069 2026 1109 2075 eo
1133 2001 1277 2075 conferri

159 2114 440 2188 demonstremus.
456 2113 599 2189 Verbum
621 2113 734 2216 itaque
753 2115 862 2188 ,huius
887 2115 1104 2203 sacramenti,
1129 2140 1208 2216 quo·
1222 2139 1278 2189 ac·

159 2229 298 2303 cedente
322 2230 366 2302 ad
391 2229 592 2303 elementum
618 2228 657 2300 fit
681 2243 945 2315 sacramentum,
970 2227 1007 2300 id
1028 2229 1187 2303 nimirum
1207 2240 1276 2318 est,

159 2371 222 2442 quo
235 2345 340 2418 -ombo
364 2370 435 2418 mos
452 2361 483 2417 et
498 2345 641 2445 foemina
661 2348 762 2440 (cum
784 2345 919 2445 pietatis
936 2360 1109 2446 respectu,
1133 2370 1221 2444 quae
1242 2345 1278 2417 in

161 2460 267 2532 Deum
292 2475 363 2546 est,
392 2459 458 2532 sibi
483 2473 599 2532 mutuo
626 2459 728 2533 fidem
753 2458 962 2555 coniugalem
985 2458 1069 2532 vdant
1094 2459 1280 2561 accipiunt·

162 2577 260 2673 que)
292 2600 356 2644 non
381 2575 495 2671 quovis
520 2573 628 2659 modo,
658 2573 715 2646 sed
739 2575 775 2646 in
798 2575 863 2646 Dei
885 2577 1011 2646 nomine
1040 2576 1281 2674 conicnqttntur

164 2701 196 2760 et
219 2689 450 2785 copulantur.»
462 2687 593 2760 Exinde
613 2703 704 2788 patet
722 2714 888 2789 quaenam
907 2689 1015 2764 tuerit
1027 2715 1123 2764 mens
1144 2689 1280 2764 concilii

161 2803 264 2875 huius
290 2801 371 2874 dum
397 2803 594 2877 sacerdotali
621 2805 806 2903 precationi
829 2805 973 2879 tribuere
998 2805 1130 2881 videtur
1154 2806 1279 2880 donum

161 2918 325 3018 Spiritus,
349 2944 469 3020 nempe
490 2944 530 2991 eo
557 2945 661 2993 sensu
686 2944 753 3019 quo
778 2921 1077 3022 exposuimus,·eo
1097 2922 1151 2996 vel
1171 2923 1280 3022 magis

162 3032 252 3135 quod
277 3049 390 3135 aperte
409 3034 535 3108 alludat
554 3035 597 3108 ad
618 3033 895 3136 precationemac
907 3036 1175 3112 benedictionem
1193 3062 1280 3139 quae

163 3149 251 3222 intra
269 3150 450 3223 missarum
469 3150 635 3224 solemnia
647 3150 745 3225 datur
758 3153 912 3253 sponsis,
930 3179 1016 3253 quae
1029 3168 1117 3227 certe
1129 3154 1280 3227 omnium
1309 3199 1314 3207 ·

162 3288 331 3338 consensu
355 3264 496 3338 sormam
521 3267 721 3340 sacramenti
748 3267 853 3341 nostri
879 3293 946 3342 non
973 3268 1156 3342 constituit.
1183 3266 1280 3355 Quot

163 3378 193 3450 si
219 3385 464 3453 sacramentum
489 3381 693 3455 matrimonii
726 3382 901 3455 conficitur
924 3410 984 3484 per
1013 3382 1280 3457 contrahentium

164 3517 364 3566 consensum
388 3494 501 3568 verbis
526 3495 569 3568 de
593 3497 762 3597 praesenti
778 3530 780 3535 s
796 3523 1008 3597 expressum,
1037 3498 1137 3598 plane
1162 3522 1281 3571 conse-

163 3607 278 3708 quitur
301 3610 498 3683 minietrum-
518 3611 592 3684 eius
613 3611 707 3684 haud
723 3639 799 3686 esse
820 3614 1046 3701 sacerdotem,
1071 3612 1141 3686 sed*
1153 3628 1281 3686 contra

163 3721 282 3796 hentes
308 3724 418 3824 ipsos;
448 3725 539 3799 solus
565 3727 691 3826 quippe
716 3728 915 3800 sacramenti
941 3728 1000 3800 ille
1024 3728 1277 3814 ministerestv,

164 3837 223 3936 qui
248 3836 630 3939 formampronunciat:
651 3839 734 3913 tales
754 3856 863 3914 autem
886 3857 964 3915 suut
983 3868 1023 3914 ex
1040 3839 1282 3916 concilio-con·-

164 3951 353 4038 trahentes;
375 3978 454 4049 ergo
479 3978 520 4024 ex
544 3953 662 4026 eodem
687 3954 751 4027 soli
777 3955 1013 4029 contrahentes
1033 3956 1180 4031 ministri
1203 3960 1296 4029 sunt

165 4081 363 4139 sacramenti
390 4068 605 4139 matnmonri.
825 4136 828 4141 ,
919 4128 920 4132 ,
1006 4133 1008 4138 .
1160 4125 1163 4132 .
1291 4145 1294 4149 ,

238 4178 336 4284 Quod
358 4180 396 4253 si
410 4180 507 4253 nihit
521 4181 623 4254 habet
647 4182 826 4259 concilium
853 4185 1046 4259 coloniense
1062 4184 1153 4286 quod
1173 4185 1283 4259 faveat

166 4290 277 4381 Cano,
307 4294 496 4395 imosquod
521 4297 552 4368 ei
580 4296 867 4371 non-adversetur
899 4299 935 4371 in
966 4303 1050 4400 capi
1069 4301 1152 4387 xt.;
1175 4299 1283 4373 multo
