2872 5062
164 370 207 438 tt
303 416 306 421 -
343 391 424 442 ιιι.
446 391 469 440 ι.
490 391 577 442 sacr.
595 394 618 442 ι.
641 393 680 443 ιιι
698 388 1087 445 ιιι-ιιιιι.·ιιιιιιιιιιιιι.ε

160 507 301 583 scribit:
331 511 447 583 «Nam
472 510 563 610 quod
574 559 578 570 ·
589 511 624 580 in
639 511 738 608 >ipsu
749 511 984 586 coniunctione
1008 510 1166 586 connubii
1184 536 1206 585 o
1223 532 1276 587 eni

160 625 283 699 cerdote
299 623 515 709 benedicatur,
526 624 590 697 hoc
602 639 655 697 est
666 650 687 697 e
698 626 767 698 Deo
779 627 889 724 prima
902 626 936 697 in
951 626 1025 725 ipsu
1037 619 1276 700 coniunctione

159 748 305 857 hominis
330 748 524 822 factumest
544 750 632 843 (lt).
641 750 716 821 »Et
732 749 833 822 haec
830 749 977 848 quidem
1003 750 1093 848 quod
1119 750 1161 823 ad
1188 751 1276 824 hana

159 852 324 962 primam
321 853 472 938 classem
499 863 615 936 attinet
638 865 791 938 attulisse
817 865 963 939 sufficiat
982 867 1070 960 (tt).

230 981 281 1052 td
311 979 448 1052 alteram
480 979 635 1053 classem
649 1005 707 1052 eos
734 994 844 1079 patres
877 981 984 1053 relero
1009 982 1082 1085 qui
1092 983 1276 1082 sanctifico·

125 1134 127 1138 <
159 1099 275 1168 tionem
292 1095 447 1190 coniugio
465 1095 625 1168 tribuunt
647 1096 821 1169 Eiusmodi
839 1112 963 1170 sunta
985 1076 1197 1184 Ammonius,
1217 1099 1276 1196 qui

158 1204 358 1282 christianos
388 1208 624 1284 dehortatums
650 1230 670 1284 a
695 1196 874 1307 iungendis
900 1211 1030 1311 nuptiis
1051 1237 1148 1284 curn-
1157 1212 1276 1286 infide

158 1323 265 1409 libus,
293 1323 364 1397 hac
382 1326 508 1399 ratione
531 1327 655 1429 utitur:
691 1356 709 1396 ι
729 1328 811 1399 Nam
837 1351 914 1399 cum
939 1327 1052 1426 ipsum
1082 1328 1275 1425 coniugium

159 1437 325 1510 velamine
350 1439 548 1513 sacerdotali
571 1423 607 1514 et
631 1439 864 1515 benedictione
888 1440 1089 1539 sanctificari
1103 1457 1271 1541 oporteat,

160 1554 328 1651 mornado
352 1569 462 1653 potest
485 1555 678 1660 coniugium
703 1555 789 1642 diei,
811 1555 869 1628 ubi
888 1580 954 1629 non
972 1570 1024 1628 est
1041 1554 1120 1627 fidei
1138 1580 1275 1629 concor·

159 1666 216 1739 diu
244 1669 333 1762 (lt),
347 1697 379 1738 ι
392 1681 425 1742 ιι
449 1655 553 1756 alibi,
586 1671 735 1768 «Neque
759 1695 838 1742 vcro
863 1693 924 1741 nos
949 1693 1127 1772 negamus
1134 1670 1276 1768 sanctifi·

159 1771 268 1853 eatam
296 1806 337 1854 a
327 1781 495 1856 Christo
493 1808 582 1889 csse
614 1783 830 1879 coniugium,
866 1782 980 1854 divine
1010 1806 1113 1856 roca
1109 1780 1272 1855 dicente:

160 1885 254 1967 erant
278 1897 404 1968 ambo
389 1923 425 1968 ιιι
441 1923 541 1970 anam
565 1922 694 1970 caraem
719 1911 749 1968 et
774 1897 809 1967 ιἰι
833 1922 896 1968 aaa
920 1898 1040 1993 spirita
1061 1897 1149 1990 (Π).
1157 1896 1275 1969 »tran

159 2038 188 2084 s.
210 2009 356 2112 Gyrillus
381 2012 466 2085 alex.
499 2011 703 2097 «Christus,
734 2011 864 2110 inquit
894 2011 969 2109 ipsc
993 2036 1069 2084 cum
1094 2009 1275 2109 discipulis

160 2126 231 2198 suis
246 2125 418 2200 invitatus
436 2120 534 2199 uenit
562 2125 632 2221 (ad
660 2126 835 2225 nuptias),
865 2150 933 2198 non
959 2140 1024 2197 tam
1049 2123 1271 2223 epulaturus,

159 2265 260 2338 quam
278 2257 316 2315 ut
333 2233 530 2314 miraculum
556 2241 696 2327 laceret,
717 2266 757 2312 ec
774 2255 945 2339 praeterea
969 2227 1193 2336 generationis
1211 2238 1276 2312 hu-

66 2416 71 2422 .
158 2378 277 2428 manac
293 2350 767 2453 principiumsaaatificaret,
779 2347 882 2452 -quod
900 2352 942 2424 ad
960 2376 1094 2425 carnem
1116 2347 1274 2426 nimi-rum

159 2469 287 2542 attinet.
297 2469 537 2543 uariante
551 2469 641 2542 enirn
652 2526 660 2556 ,
671 2486 719 2541 ιιι
736 2469 795 2567 qui
814 2485 965 2541 naturam
980 2467 1274 2567 lpsanuominis

159 2580 376 2656 renovaturus
402 2600 488 2670 crat,
503 2635 506 2639 J
519 2610 586 2656 non
602 2583 720 2657 solum
747 2583 805 2670 iis,
825 2584 883 2682 qui
901 2583 1021 2656 iamin
1038 2599 1147 2658 ortum
1165 2575 1272 2657 uocati

159 2710 271 2777 erant,
289 2694 565 2769 ¹benedictionem
591 2697 836 2795 impertiretur,
856 2697 925 2769 -scd
943 2713 977 2769 et
994 2697 1037 2769 iis
1054 2695 1189 2796 quoque
1212 2697 1289 2795 quix

159 2826 276 2908 postea
307 2811 469 2884 nascituri
498 2827 613 2884 assent
643 2814 787 2909 qratiam
819 2812 1071 2909 praestituerat,
1090 2828 1273 2884 eteorum

159 2941 268 2998 ortum
279 2923 437 2998 'sanctam
456 2926 603 2998 efficeret
623 2927 736 3021 (48).»
752 2927 786 2997 S.
804 2927 1011 3023 Augustinus
1029 2921 1200 3024 praeterea
1216 2926 1274 2999 ad·

159 3040 226 3114 dit:
251 3071 268 3110 a
283 3043 411 3114 Bonum
429 3041 630 3140 :nuptiarum
656 3065 728 3139 per·
740 3038 856 3114 omnes
881 3056 1135 3139 gentessatquc
1152 3064 1271 3114 omnes

159 3155 311 3230 homines
338 3157 372 3228 in
398 3183 501 3230 causa
526 3155 706 3253 generandi
724 3175 793 3242 est,
814 3157 898 3228 etin
916 3155 983 3228 fide
1000 3155 1163 3228 eastitatis
1181 3155 1272 3254 qnod

159 3287 268 3345 autem
281 3272 335 3344 ad
361 3271 522 3370 populum
547 3272 609 3344 Dei
635 3272 795 3369 pertinet,
825 3273 925 3345 etiam
956 3271 991 3342 in
1021 3271 1194 3343 sanctitate
1222 3295 1274 3344 su·

158 3386 318 3459 crementi
335 3388 422 3482 (49).
434 3418 450 3456 ιι

231 3501 340 3574 Tertia
372 3500 492 3574 classis
517 3526 558 3573 ex
583 3501 625 3573 iis
650 3501 808 3575 coalescit
839 3500 1008 3599 patribus,
1039 3499 1098 3600 qui
1129 3499 1286 3597 gratiam

159 3641 219 3714 per
243 3616 435 3714 coniugium
461 3616 604 3688 con-ferri
622 3632 735 3714 aperte
752 3615 961 3713 significant,
983 3631 1041 3689 aut
1057 3629 1265 3714 supponunt·

229 3863 280 3926 (tt)
296 3867 335 3913 Dc
345 3866 439 3927 artata
450 3864 538 3914 eccles.
551 3865 593 3914 lib.
606 3867 638 3914 ll.
650 3877 704 3928 cup.
718 3874 754 3916 19.

230 3945 280 4007 (tt)
296 3943 351 3994 Alia
361 3944 440 3994 rideri
452 3945 554 4008 possunt
565 3944 630 4008 apud
643 3947 707 4007 Hug.
720 3944 862 3995 Menardunr
879 3946 926 3994 loc.
941 3944 983 3994 cit.

229 4023 279 4085 (46)
295 4022 371 4086 Epist.
383 4025 447 4073 x1x.
463 4023 494 4072 ad
507 4023 580 4086 Vlgil.
593 4023 632 4074 cd.
645 4025 723 4073 Maur.
735 4024 783 4072 ccl.
796 4026 850 4073 stt.

230 4102 281 4165 (tt)
290 4103 395 4167 lnepitt.
403 4102 648 4167 adstrictumpcpanr
655 4115 680 4152 ιι.
687 4108 710 4153 t.
717 4102 913 4165 opudccuttant.
923 4104 1075 4165 aputeum.
1080 4097 1271 4165 contectato.

229 4182 279 4245 (ts)
296 4185 436 4234 comment.
453 4186 479 4233 tn
494 4186 570 4235 Iona.
582 4182 624 4232 lib.
636 4185 668 4232 11.
680 4194 734 4246 cap.
750 4189 773 4233 2.
786 4194 811 4230 ι.
826 4188 846 4232 1.
860 4195 917 4246 opp.
929 4181 968 4232 cd.
983 4183 1059 4232 Paris.
1076 4187 1141 4232 tots.
1151 4181 1213 4232 tom.
1226 4183 1270 4231 lv.

157 4274 212 4325 pag.
229 4268 282 4312 tta

230 4336 280 4404 (te)
294 4345 333 4392 Dc
342 4341 414 4393 aeuo
425 4341 559 4409 cantaqalt
572 4345 627 4406 cap»
639 4342 727 4392 xxiv.
741 4352 766 4391 n.
781 4346 819 4389 ιι.
