2872 5062
162 325 230 397 tlt
361 346 422 397 mn.
444 347 467 396 r.
488 345 575 396 secr.
594 346 725 397 mrem.
747 347 787 397 nr
803 347 936 397 numu.
956 345 1064 397 crum

232 465 334 539 llulto
345 491 425 539 vero
437 465 550 538 minus
564 481 674 564 potest
686 491 763 539 esse
775 465 860 563 legis
873 464 1033 562 obligatio
1050 465 1086 537 in
1103 465 1269 538 eiusmodi

160 582 371 682 separatione
394 607 476 678 erga
502 595 638 655 statum.
666 580 842 667 Quomodo
866 581 956 653 euim
981 581 1071 654 serio
1102 579 1272 653 affirmare

160 698 239 798 quis
262 721 368 770 ausus
393 696 439 770 sit
462 695 548 792 legis
575 721 652 768 esee
677 695 915 792 obligationem
933 694 1129 768 vindicandi
1148 708 1272 767 statum

160 815 204 888 ab
220 813 381 898 ecclesia,
401 838 422 884 a
447 810 631 908 religione,
660 837 681 882 a
706 810 803 884 Deo?
820 810 887 897 Qui
912 812 959 884 ita
983 811 1154 897 sentiunt,
1174 825 1210 883 et
1227 809 1274 883 el·

161 930 285 1002 futiuni
302 929 336 1000 in
354 926 500 1027 publicis
525 927 673 1001 comitiis
691 953 729 1000 se
747 926 860 1026 polam
885 925 1098 1026 populorum,
1114 925 1274 1024 aquibus

160 1044 310 1142 delegari
335 1044 504 1129 dicuntur,
524 1043 711 1142 proditores
728 1041 959 1141 imprudenter
982 1041 1220 1130 manifestant,
1240 1057 1274 1114 et

161 1161 348 1264 pmditores
366 1176 473 1234 status
490 1159 571 1260 qui,
592 1186 668 1233 cum
685 1159 852 1259 profunde
868 1157 1055 1232 catholicus
1068 1158 1132 1244 sit,
1148 1172 1186 1230 ut
1198 1158 1274 1256 ipse

161 1294 274 1352 orator
295 1278 435 1363 latetur,
455 1302 518 1351 nec
533 1275 605 1350 vult
629 1302 691 1350 nec
717 1276 849 1375 quaerit
871 1275 1009 1375 impiam
1035 1274 1203 1347 eiusmodi
1221 1274 1275 1345 in-

161 1392 437 1494 dependentiam,
458 1391 526 1465 imo
543 1390 586 1464 ab
604 1417 644 1464 ea
661 1392 802 1489 refugit,
827 1407 860 1464 et
883 1390 1052 1464 abhorret.
1078 1389 1177 1474 Quod
1195 1415 1273 1463 cum

161 1533 260 1604 aegre
290 1507 396 1579 ferant
430 1504 733 1605 pseudo-politici,
770 1505 851 1578 hinc
884 1505 1062 1578 machinas
1094 1504 1275 1577 admovent

161 1649 297 1710 omnes,
325 1638 363 1694 ut
387 1636 511 1694 statum
535 1647 576 1693 ex
600 1620 765 1694 catholico
791 1620 1014 1694 acatholicum
1040 1619 1214 1707 efficiant,
1242 1620 1272 1693 si

161 1737 298 1836 quidem
323 1735 358 1807 id
384 1735 456 1807 fieri
482 1750 609 1832 posset.
639 1733 736 1820 Quod
763 1734 792 1806 si
814 1735 879 1806 hoc
898 1759 965 1807 non
983 1734 1028 1808 sit
1043 1732 1275 1832 imprudenter

161 1865 284 1924 statum
309 1848 467 1947 prodere,
491 1848 573 1947 quid
594 1848 640 1921 sit
663 1847 794 1934 lallere,
815 1848 956 1948 prodere
977 1874 1017 1921 ac
1033 1848 1192 1946 decipere
1220 1875 1274 1920 me

161 1991 244 2040 sane
261 1965 391 2039 nescire
410 1964 578 2063 profiteor.
598 1963 707 2062 Atque
723 1964 808 2037 haec
825 1963 961 2062 publice
977 1965 1193 2064 proferuntur
1209 1963 1273 2038 euh

161 2083 302 2168 Statuto,
322 2081 358 2152 in
376 2080 474 2154 cuius
487 2080 595 2180 primo
607 2079 748 2154 articulo
765 2082 836 2153 solo
853 2082 969 2177 relipio
994 2081 1172 2164 calholica,
1195 2108 1274 2180 epo-

160 2198 275 2272 sioliea
307 2210 466 2282 romane,
495 2195 611 2293 reliqio
633 2211 740 2268 stains
765 2195 959 2270 solemniter
983 2195 1197 2270 declaratur!

232 2301 400 2398 Domum,
428 2311 488 2410 qui
514 2310 599 2384 adeo
621 2309 756 2385 solliciti
788 2326 867 2385 suut
891 2336 952 2408 pro
977 2325 1085 2385 status
1110 2311 1274 2411 indepen-

159 2537 303 2588 uistratione
317 2547 402 2586 eorum
410 2570 418 2598 ,
435 2547 499 2598 quae
512 2533 543 2584 ad
558 2533 757 2584 sustentationem
769 2534 905 2585 noemmin
918 2536 976 2585 sunt
992 2534 1111 2585 ministris
1127 2533 1210 2586 cultus
1220 2537 1230 2599 (
1239 2535 1272 2586 ib.

160 2612 390 2678 pag.15.lin.re.);
402 2611 530 2675 adeoque,
544 2612 611 2676 quod
628 2613 696 2663 nulla
715 2613 753 2663 lex
771 2614 814 2662 aut
830 2614 982 2663 consuetudo
992 2613 1159 2665 ecclesiastica
1168 2615 1276 2665 valorem

159 2689 266 2755 hobed,
278 2703 356 2754 quum
370 2690 446 2740 deleri
458 2703 488 2740 ac
496 2691 621 2741 immutari
634 2691 850 2755 pessitaprincipe
858 2691 884 2741 vi
894 2692 1042 2755 reposeens
1051 2693 1200 2756 potestatis,
1213 2693 1273 2756 quin

160 2772 210 2825 elio
217 2771 320 2823 consilio
327 2770 435 2834 indigent
441 2773 536 2834 praeter
543 2773 671 2835 rationem,
678 2785 723 2822 sen
729 2773 880 2823 voluntatem
887 2786 958 2822 suam
966 2773 1040 2836 liinp.
1049 2773 1174 2824 illinet
1182 2774 1272 2838 seut.»

232 2853 285 2902 liae
295 2850 362 2914 ipsae
372 2851 499 2900 doctrinae
508 2851 632 2914 copiosius
646 2852 809 2916 ampliorique
820 2852 933 2902 claritate
942 2851 1067 2915 expositae
1076 2855 1136 2902 suut
1144 2851 1171 2903 in
1179 2852 1275 2917 prolixo

159 2943 233 2996 opere
243 2930 285 2980 cui
294 2931 333 2981 tit.
345 2930 473 2993 Diuioqns
484 2931 554 2981 inter
569 2929 730 2995 discipulum
740 2934 766 2981 ei
778 2933 938 2995 mupisirnrn
954 2933 963 2992 (
972 2930 1038 2995 apud
1048 2930 1162 2982 Goldestl
1174 2935 1213 2983 De
1220 2944 1273 2982 mo·

161 3010 272 3063 neronio
290 3012 352 3062 tom.
362 3012 394 3060 11.
406 3024 461 3073 paq.
475 3017 519 3062 ³96
529 3024 598 3074 seqq.
610 3010 619 3074 )
632 3014 661 3061 in
677 3014 734 3062 ocio
749 3014 934 3076 quaestionem
948 3011 1090 3062 decisiones
1105 3025 1187 3075 snper
1202 3015 1272 3076 poie-

158 3093 228 3142 stete
237 3093 337 3143 Sontini
348 3089 484 3154 Poniljicis
499 3091 566 3154 (loe.
579 3091 621 3142 eit.
632 3105 688 3155 pag.
700 3098 744 3142 tlt
760 3091 851 3156 seqq.)
865 3093 890 3141 et
905 3090 931 3140 in
945 3091 1021 3142 altera
1036 3093 1075 3140 De
1090 3090 1273 3143 iurisdictione

159 3172 325 3235 imperatoris
335 3172 364 3220 in
377 3173 464 3223 censis
478 3171 728 3223 matrimonialibus.
741 3173 768 3222 ln
779 3172 827 3221 hoe
836 3171 965 3235 posteriori
981 3172 1087 3221 tractatu
1104 3171 1273 3224 demonstrare

159 3249 262 3312 nititur,
273 3253 382 3313 spectare
392 3251 424 3301 ad
433 3251 622 3315 imperatorem,
637 3254 723 3316 utpote
733 3265 898 3303 successorem
907 3251 933 3301 in
943 3250 1037 3303 iuribus
1049 3251 1146 3316 imperii
1156 3256 1271 3314 ronterii,

159 3326 353 3392 dispensationes
362 3329 495 3381 concedere
504 3330 530 3380 in
542 3331 639 3381 casibus
650 3329 895 3394 consanguineitalis,
906 3332 1021 3394 quamvis
1030 3331 1167 3382 contrarias
1178 3331 1273 3396 legibus

159 3405 303 3470 pontificum
312 3409 337 3457 et
344 3407 467 3458 ecclesiae.
477 3411 504 3458 ln
511 3408 597 3459 eodem
608 3410 712 3460 uocatu
724 3409 832 3460 affirmat
841 3422 927 3459 causas
937 3408 1077 3493 spirituales
1086 3411 1112 3460 et
1120 3413 1274 3462 aeramenta

158 3485 243 3548 aliquo
261 3485 356 3537 ratione
372 3487 494 3550 pertinere
511 3488 542 3540 ad
559 3489 639 3552 regias
649 3492 675 3539 et
685 3488 823 3553 imperiales
839 3482 1024 3556 atuihudoies,
1041 3490 1185 3554 praesertim
1196 3493 1223 3541 in
1234 3491 1273 3556 iis,

160 3577 224 3628 quae
235 3567 347 3630 speciant
356 3567 388 3616 ad
397 3569 523 3632 tempora,
537 3569 569 3620 ad
582 3569 675 3620 cultum
685 3605 692 3631 ,
703 3569 735 3618 ad
746 3569 871 3620 ministros
880 3571 928 3620 etc.
939 3571 1093 3634 Quapropter
1104 3570 1148 3634 qui
1164 3570 1271 3635 primum

160 3645 291 3696 constituit
307 3647 483 3709 separationem
494 3647 631 3700 absolutam
642 3649 748 3699 duarum
758 3650 921 3712 potestatum,
933 3647 1017 3700 inirrlit
1031 3650 1220 3713 dependentium
1231 3665 1272 3716 po·

159 3724 254 3777 testatis
268 3725 428 3790 spiritualisa
441 3729 561 3792 potestate
574 3728 702 3792 temporali
724 3742 801 3792 usque
817 3727 849 3778 ad
865 3727 987 3778 iudicium
1000 3731 1025 3778 et
1040 3728 1230 3795 depositionem,
1243 3745 1273 3782 ex

157 3807 227 3869 parte
240 3805 411 3871 imperatoris,
428 3809 553 3860 Pontificis
570 3809 669 3871 summi,
688 3808 732 3873 qui
745 3809 872 3860 haereseos
887 3809 957 3859 iuxta
972 3807 1054 3873 ipsum
1070 3809 1144 3860 luerit
1154 3824 1220 3860 reos.
1231 3809 1268 3861 ci.

158 3885 304 3936 nominatim
322 3885 426 3950 Diniae.
438 3901 464 3952 p.
475 3891 520 3939 lli.
531 3901 553 3939 c.
569 3893 605 3940 17.
615 3903 670 3954 pag.
681 3893 726 3940 947
743 3901 812 3952 seqq.
826 3887 898 3946 Quod
910 3887 1012 3951 quidem
1025 3889 1177 3953 principium
1190 3890 1272 3941 erolu-

158 3966 212 4015 tum
221 3965 291 4030 plene
302 3965 349 4016 luit
358 3968 491 4019 alilarsilio
506 3970 624 4020 panvino
635 3971 661 4019 in
672 3983 713 4033 op.
725 3968 854 4031 Defensor
863 3972 948 4034 pacis.
961 3969 1024 4020 ibid.
1036 3972 1098 4021 tom.
1109 3973 1142 4021 ll.

232 4047 268 4095 lin
284 4045 451 4111 promptuaria
466 4061 496 4099 ex
510 4049 600 4112 quibus
611 4049 700 4101 minoe
710 4049 838 4114 regalistae
848 4052 968 4100 sniumei
978 4049 1137 4115 separatisiac
1147 4050 1268 4102 nooman

155 4136 213 4176 suas
229 4124 371 4177 haunrunt.

213 4247 216 4251 .
229 4207 307 4257 Porro
322 4207 405 4258 omnia
421 4209 481 4260 haec
496 4222 571 4274 opero
583 4222 639 4260 cum
651 4209 703 4261 suis
714 4210 856 4262 auctoribus
868 4210 1006 4276 proscripta
1020 4213 1078 4263 sunt
1090 4213 1115 4263 et
1126 4211 1153 4262 in
1165 4211 1268 4264 iudicem

159 4284 296 4336 molanum
307 4285 375 4337 iussu
385 4287 483 4339 manilii
493 4287 621 4341 tridentini
633 4289 716 4340 relata.
