2872 5062
268 358 337 409 aar.
352 361 396 410 ιν.
413 361 453 410 uu
471 360 589 412 trouu.
607 364 665 414 rno
683 363 762 413 urar
779 365 819 413 on
838 365 931 414 ulra.
950 364 1013 415 crv.
1029 365 1100 417 rar.
1118 369 1141 418 r.
1213 349 1278 422 361

213 514 215 518 “
244 480 377 552 Utinam
406 505 485 552 vero
509 480 607 582 ciuile
631 482 780 579 regimen
811 509 996 582 numquam
1018 487 1199 584 profanum
1225 517 1283 589 pe-

156 596 331 681 demsut
355 611 466 670 orator
490 597 659 696 loquitur,
681 598 868 672 insacrum
894 599 1068 697 religionis
1093 601 1281 677 dominium

168 712 335 785 inlerretl
368 714 432 786 llos
459 714 606 811 prolecto
632 713 730 812 longe
756 714 877 787 melius
902 714 1192 813 progrederentur.
1224 721 1283 794 Va·

169 826 343 898 rumdum
362 828 440 901 novi
458 827 693 926 legumlatores
713 829 748 900 in
766 829 995 923 sanctuarium
1018 856 1093 905 sese
1114 833 1277 924 inferunt,

165 957 200 1015 et
224 943 338 1016 omnia
363 968 460 1015 sacra
485 944 559 1016 iura
584 945 789 1042 pervadunt,
811 972 901 1017 nune
919 946 1076 1045 scrupulo
1093 965 1276 1045 anguntur,

165 1083 210 1130 ue
227 1057 257 1130 si
275 1057 359 1130 lorte
377 1057 441 1130 snb
458 1058 622 1157 adspectu
639 1059 796 1156 religioso
814 1059 1064 1133 matrimonium
1082 1063 1276 1160 respiciant,

165 1173 201 1244 in
219 1198 315 1245 sacro
335 1172 508 1272 religionis
526 1175 676 1248 dominio
701 1176 879 1276 profanum
905 1176 1025 1276 pedem
1052 1178 1167 1274 figant.
1189 1179 1279 1254 llaec

163 1287 288 1383 agendi
315 1287 400 1360 ratio
425 1288 580 1361 nonnihil
606 1289 799 1388 hypocrisis
826 1290 926 1389 sapit.

238 1402 289 1474 Ad
311 1404 345 1474 id
367 1429 458 1492 vero,
479 1405 704 1504 quod-subdit
728 1405 812 1478 alter
835 1422 966 1494 orator,
990 1408 1184 1506 coniugium
1203 1435 1280 1484 esse

164 1535 276 1592 ectum
288 1521 503 1592 essentialiter
514 1522 678 1606 socialem,
695 1522 903 1620 reponimus,
920 1521 983 1594 sub
996 1521 1280 1623 aliquorespeetu

163 1635 206 1707 id*
224 1635 440 1708 verissimum
467 1663 567 1723 esse,
597 1663 637 1709 ao
662 1637 805 1736 proinde
830 1652 996 1738 quatenus
1023 1639 1217 1736 coniugium
1243 1641 1278 1712 in

162 1751 323 1824 societate
349 1753 577 1840 contrabitur,
599 1770 699 1853 atque
718 1754 845 1827 idcirco
862 1754 948 1826 dicit<
964 1770 1075 1826 actum
1101 1755 1274 1842 socialem,

162 1891 230 1939 non
251 1865 432 1939 abnuimus
456 1867 499 1939 ad
525 1868 713 1968 prinoipem
740 1869 908 1968 pertinere
933 1895 1014 1941 suas
1039 1868 1130 1967 leges
1156 1872 1278 1945 consti·

162 1998 274 2067 tuere,
304 2009 392 2081 quae
417 1983 509 2055 hunc
534 1999 668 2070 actum,
697 1999 796 2083 prout
820 1984 957 2057 socialis
974 2000 1046 2071 est,
1065 1985 1214 2082 dirigant
1238 2012 1277 2060 ac

162 2096 379 2170 moderentur
403 2124 446 2170 ne
470 2099 552 2171 ordo
578 2097 735 2196 publicus
761 2098 932 2185 turbetur,
961 2114 1020 2170 aut
1043 2099 1189 2172 societas
1214 2098 1277 2172 ali-

160 2211 251 2309 quod
262 2212 507 2285 detrimentum
526 2213 657 2311 capiat;
680 2239 789 2312 neque
806 2212 968 2311 umquam
985 2211 1129 2285 eeclesia
1142 2213 1177 2285 id
1190 2214 1276 2313 ipsis

160 2325 347 2399 interdixit.
376 2327 441 2398 Sed
470 2354 545 2400 cum
572 2327 728 2425 primitus
754 2327 946 2423 coniugium
973 2326 1018 2398 sit
1041 2342 1135 2399 actus
1159 2353 1276 2400 essen·

159 2440 282 2514 tialiter
299 2443 495 2540 religiosuS,
520 2443 720 2542 praesertim
742 2443 829 2515 inter
853 2441 1068 2529 christianos,
1090 2442 1275 2542 dequibus

160 2555 316 2652 agimus,
345 2572 378 2629 et
402 2583 462 2656 per
483 2573 594 2630 actum
616 2556 811 2654 religiosum
828 2557 863 2628 in
883 2583 945 2630 suo
962 2582 1040 2630 csse
1056 2556 1276 2630 constituatur

159 2672 229 2743 veri
247 2671 459 2772 legitimique
475 2673 644 2770 coniugii,
666 2674 708 2745 ad
726 2671 903 2747 eeclesiam
920 2672 1020 2745 unice
1038 2688 1166 2771 spectat
1182 2670 1275 2769 leges

159 2786 326 2874 condere,
354 2815 442 2887 quae
473 2789 547 2860 eius
582 2789 764 2862 essentiam
791 2788 976 2884 attingant,
1006 2787 1195 2861 cuiusmodi
1223 2803 1274 2861 est

158 2901 330 2975 vinculum
356 2930 433 2976 eum
460 2904 531 2977 suis
558 2903 833 3004 proprietatibus.

236 3017 320 3090 Cum
339 3019 498 3115 igiturex
515 3020 692 3092 contrariis
715 3020 826 3117 iisque
847 3018 942 3091 falsis
964 3017 1141 3117 principiis
1164 3031 1275 3089 orator

160 3131 216 3203 hic
241 3134 493 3231 progrediatur,
516 3134 600 3206 ratio
626 3151 766 3232 apparet
792 3159 897 3232 quare
921 3133 995 3231 ipse
1020 3131 1159 3204 miretur
1184 3156 1274 3204 rcvo

158 3249 226 3319 cari
253 3248 453 3320 indubium
481 3249 672 3344 (debuisset
696 3249 763 3322 imo
788 3248 900 3320 dicero
919 3248 1057 3343 nepoti)
1082 3260 1205 3318 statum
1230 3245 1273 3316 ei-

157 3362 259 3435 vilem
286 3364 379 3435 haud
405 3365 470 3436 frui
498 3365 597 3465 plena
631 3364 783 3437 libertate
814 3364 903 3436 circa
934 3362 1127 3458 coniugium
1154 3388 1194 3434 ac
1218 3388 1275 3461 po-

159 3491 291 3550 testate.
326 3479 395 3551 Nos
430 3479 542 3578 potius
580 3479 653 3551 iure
687 3479 873 3577 meritoque
912 3477 1074 3550 miramur
1109 3492 1274 3550 oratorem

158 3592 381 3665 christianum
408 3611 441 3666 et
462 3595 664 3668 catholicum
685 3593 839 3667 dubitare
865 3593 1036 3692 potuisse,
1058 3591 1149 3690 quod
1167 3589 1273 3663 solius

158 3705 322 3778 ecclesiae
340 3708 385 3779 sit
401 3724 605 3792 contractum
631 3709 840 3805 coniugalem
861 3735 922 3780 scu
942 3722 1188 3782 sacramentum
1206 3732 1274 3778 mo

158 3820 290 3905 derari,
319 3836 432 3920 utpote
462 3849 531 3896 rom
558 3849 677 3909 suam,
707 3822 807 3921 eique
833 3821 896 3893 soli
926 3848 946 3892 a
971 3821 1105 3894 Christo
1138 3845 1273 3892 concre-

156 3935 274 4006 ditam.
305 3924 586 4036 Eius'deceptio,
608 3952 708 4038 atquo
725 3952 902 4038 propterea
918 3935 1151 4009 admirationis
1168 3960 1272 4008 causa

156 4051 312 4148 provenit
336 4077 376 4123 ex
405 4053 537 4126 fictione
565 4054 622 4126 illa
647 4052 770 4150 legali,
795 4052 885 4151 quod
909 4049 1158 4123 matrimonium
1183 4075 1272 4122 seor-

146 4190 232 4238 -sum
251 4192 272 4238 a
290 4165 452 4264 religione
479 4170 622 4269 spectari
650 4169 760 4267 possit
785 4183 843 4240 aut
866 4166 997 4239 debeat.
1026 4164 1201 4239 Eiusmodi
1222 4163 1272 4236 lo-

156 4281 251 4381 gales
279 4281 432 4383 fictiones
459 4283 583 4382 multps
609 4284 644 4354 in
671 4308 817 4383 errorem
844 4281 1055 4354 induxerunt.
1113 4322 1117 4354 ,-
1223 4336 1225 4340 -
1262 4325 1264 4333 ·
