2872 5062
162 332 232 406 ret
312 373 315 378 ·
362 356 425 407 nn.
445 356 469 406 r.
489 354 575 406 sacr.
595 355 619 405 ι.
640 356 680 406 ns
697 355 829 407 raras.
851 356 1065 409 seminasse.

159 474 278 549 mato.
306 476 380 550 Non
405 473 581 575 probarit,
613 490 651 547 ut
678 476 763 546 inter
795 489 887 547 testes
916 491 1146 550 numeraretur
1171 503 1272 577 paro·

161 591 246 665 chus
263 593 352 688 (43).
368 591 424 663 Sic
446 591 547 664 etiam
571 591 741 663 decretum
766 590 921 690 probarit
942 591 1185 667 Constantinus
1209 595 1274 669 llo·

161 705 271 779 nellus
287 705 467 806 episcopus
488 703 614 778 Tiferni
634 705 815 778 ostendens
832 704 884 777 fas
900 706 1063 780 ecclesiae
1079 733 1157 781 esse
1179 709 1277 782 irritu

159 806 269 895 facere
292 821 460 894 eiusmodi
481 819 668 906 connubia,
689 846 756 892 non
774 821 911 920 quidem
937 822 1031 895 irrito
1046 823 1181 896 reddito
1197 848 1276 896 con·

159 951 282 1025 tractu,
302 937 394 1009 unde
406 961 473 1009 non
485 949 576 1008 esset
587 935 733 1033 amplius
750 936 889 1008 materia
905 935 1029 1010 idonea
1052 938 1272 1024 sacramenti,

159 1053 260 1127 sicuti
281 1053 421 1152 quidam
444 1051 696 1138 disseruerunt3
717 1077 795 1123 nam
813 1066 1002 1125 contractus
1018 1053 1167 1149 coniugii
1185 1054 1275 1126 inter

160 1168 279 1242 fideles
303 1194 368 1240 ooo
387 1166 572 1271 prcwcdit,
602 1169 666 1239 imo
691 1194 748 1238 nec
772 1166 988 1265 discoquitur
1008 1194 1031 1240 o
1049 1183 1271 1253 accrescente,

160 1284 312 1384 adeoque
340 1282 530 1356 facultatem
562 1282 702 1381 perinde
732 1280 825 1354 illius
850 1306 891 1354 ao
914 1281 1018 1354 huius
1043 1308 1111 1356 non
1135 1307 1214 1356 esse
1238 1281 1274 1353 in

158 1397 323 1486 ecclesia,
351 1399 412 1474 sed
440 1424 542 1498 posse
565 1397 609 1470 ah
632 1424 675 1471 ea
699 1397 828 1470 irritum
859 1397 955 1470 reddi
987 1423 1183 1484 assensum,
1214 1397 1273 1496 qui

158 1515 359 1588 antecedens
379 1529 430 1588 est
454 1541 557 1588 causa
581 1515 691 1615 ipsius
716 1530 904 1588 conanum
925 1516 1014 1610 (ll).
1036 1513 1079 1586 Et
1103 1515 1152 1588 ita
1174 1538 1275 1614 porro

159 1631 195 1703 in
215 1631 370 1704 eumdem
395 1656 533 1704 sensum
557 1629 615 1703 alii
641 1628 756 1729 plures
781 1656 842 1729 pro
867 1630 1025 1703 alterutra
1048 1645 1142 1730 parte
1165 1629 1274 1702 disse

159 1752 313 1834 ruerunt,
329 1773 447 1820 omnes
459 1761 572 1820 amen
583 1747 632 1818 uti
646 1747 900 1819 fundamentum
917 1760 1045 1819 certum
1063 1759 1274 1819 assumentes

158 1863 362 1936 matrimonii
380 1877 618 1936 remanentem
638 1887 698 1962 per
714 1860 824 1936 solum
841 1861 1110 1935 contrahentium
1130 1885 1274 1934 consen-

159 2005 235 2053 sum
260 1980 386 2080 perfici.

230 2094 341 2167 Refert
352 2109 525 2194 praeterea
541 2092 630 2167 idem
647 2093 939 2194 historiographus
956 2092 1066 2192 capite
1079 2089 1271 2190 insequenti

160 2224 210 2281 ter
227 2210 425 2309 paradigma
445 2210 572 2282 formae
589 2208 712 2282 decreti
728 2209 940 2281 immutatum
956 2207 1079 2293 fuisse,
1100 2207 1184 2307 quia
1199 2231 1276 2279 um-

157 2348 260 2424 quam
278 2325 364 2398 facta
380 2325 505 2398 mentio
530 2324 631 2397 fuerit
646 2324 691 2396 de
706 2323 890 2396 sacerdotis
914 2320 1106 2423 praesentia
1129 2319 1274 2419 eiusque

158 2440 375 2526 necessitate,
397 2439 457 2512 sed
479 2454 670 2512 constanter
693 2439 909 2511 constitutum
926 2452 972 2509 ut
996 2453 1063 2510 tres
1087 2449 1192 2509 testes
1217 2434 1275 2507 ad·

158 2550 355 2649 biberentur
367 2555 410 2627 ad
423 2553 627 2626 matrimonii
640 2551 895 2626 celebrationem
911 2553 1000 2648 (lh).
1012 2550 1064 2622 bd
1078 2549 1274 2623 instantiam

157 2667 304 2768 denique
328 2668 419 2742 card.
440 2667 646 2765 lotharingii
672 2682 781 2739 actum
798 2682 851 2739 est
869 2667 914 2739 de
930 2664 1136 2739 stabilienda
1153 2689 1272 2738 neces-

157 2783 257 2857 sitate
282 2784 492 2884 praesentiae
514 2782 697 2856 sacerdotis
714 2799 885 2882 tamquam
902 2782 998 2855 testis
1018 2779 1175 2854 celebrati
1192 2804 1273 2852 oon-

157 2897 258 2996 iugii,
274 2924 335 2972 nec
352 2914 462 2971 tamen
480 2898 523 2970 ab
540 2898 636 2970 initio
661 2912 772 2998 patres
799 2886 1051 2996 acquieverunt.
1066 2895 1117 2968 Ad
1134 2888 1270 2968 omnem

155 3014 291 3087 tandem
315 3015 487 3088 vitandam
512 3013 676 3101 fraudem,
695 3040 772 3087 cum
789 3014 1006 3087 convenerint
1017 3003 1273 3086 deneeess'iute

156 3130 300 3204 alicuius
326 3131 421 3204 testis
438 3130 597 3231 ‚stabilis
626 3128 846 3203 deliberatum
867 3144 920 3203 est
939 3120 1051 3202 utrum
1074 3126 1132 3200 hic
1150 3141 1273 3226 posset

156 3266 233 3320 esse
249 3246 361 3320 scriba
377 3273 437 3320 seu
453 3246 609 3348 publicus
627 3246 778 3334 tabellio,
796 3234 935 3320 an'rero
952 3235 1271 3345 parochus,‘omni-

156 3360 221 3436 hus
232 3362 410 3464 perpensis
427 3363 596 3437 decretum
614 3361 749 3436 tandem
762 3348 832 3449 est,
848 3376 885 3434 ut
901 3360 1082 3460 parochus,
1100 3385 1168 3433 seu
1182 3357 1271 3431 alius

156 3477 314 3551 sacerdos
338 3504 379 3550 ex
404 3479 541 3578 parochi
567 3477 779 3577 delegatione
796 3465 1053 3550 constitueretur
1069 3476 1159 3571 (tt).
1177 3472 1271 3546 Gom-

155 3594 251 3666 mnni
268 3582 504 3692 suffragiorum
521 3620 689 3668 consensu
706 3580 970 3666 norum'decreti
988 3580 1270 3690 exemplumoon-

156 3708 278 3783 fectum
300 3725 370 3797 est,
391 3737 459 3810 quo
476 3709 519 3783 ad
536 3710 721 3783 efficaciam
738 3707 943 3781 matrimonii
961 3704 1154 3779 necessario
1171 3703 1270 3777 ades-

156 3840 233 3903 sent
255 3826 322 3903 duo
347 3825 467 3901 saltem
492 3842 595 3901 testes
619 3841 652 3900 et
674 3825 859 3927 parochus,
887 3839 944 3897 eut
967 3822 1055 3898 alius
1081 3820 1263 3904 sacerdos,

228 4080 278 4147 (te)
293 4084 367 4134 Num.
387 4089 424 4134 12.

227 4163 279 4226 (44)
293 4167 367 4214 Num.
386 4171 424 4216 to.

227 4244 278 4308 (45)
294 4246 446 4309 θιρ,1Χ.ιι.
463 4251 499 4295 tc.

227 4322 279 4388 (46)
294 4322 358 4375 lbfd.
