2872 5062
160 347 229 422 att
352 371 414 423 nn.
436 372 460 421 1.
484 368 571 421 sacr.
592 369 721 421 sernas.
743 369 784 419 nn
809 369 941 420 utram.
963 368 1070 420 cunr.

157 514 235 562 esse
259 490 347 563 inter
365 489 452 563 duas
469 488 533 561 bas
551 486 784 588 hypotheses?
809 486 1019 585 Quicumque
1045 487 1136 559 enim
1162 489 1268 589 sapit,

157 604 250 678 baud
276 605 461 691 dubitabit,
482 631 520 678 se
537 630 598 704 pro
624 604 732 702 prima
758 602 938 703 hypothesi
963 603 1156 692 declarare,
1183 633 1273 705 quae

155 719 230 795 sola
255 720 467 795 rationabilis
492 735 559 807 est,
579 719 730 819 alioquin
750 719 841 792 Deus
867 717 1092 792 subiiceretur
1117 720 1270 809 homini,

158 835 279 935 religio
296 863 317 910 a
332 837 403 910 Deo
420 835 498 910 data
513 834 718 934 dependeret
736 832 779 906 ab
801 833 975 907 hominum
1000 833 1159 924 arbitrio,
1181 836 1273 936 quod

157 966 211 1026 est
236 950 421 1025 absurdum
448 976 488 1024 ac
513 951 606 1024 dictu
631 950 783 1049 impium.
806 949 872 1036 Qui
898 949 1036 1022 alteram
1062 951 1275 1050 profiteretur

155 1068 394 1169 hypothesim,
419 1080 667 1143 consectaretur
687 1065 931 1165 despotismum
957 1066 1171 1156 absolutum,
1198 1069 1274 1142 efli-

156 1200 314 1285 ceretque
339 1185 446 1258 Deum
465 1211 505 1258 ac
522 1183 717 1280 religionem
735 1182 779 1254 ab
795 1208 835 1255 eo
852 1181 966 1255 datam
992 1183 1269 1273 instrumentum,

155 1326 225 1401 quo
255 1300 464 1398 legislatores
490 1315 662 1373 uterentur
687 1298 730 1372 ad
756 1298 842 1370 fines
873 1324 981 1385 suos,
1010 1298 1268 1389 modificarent,

158 1433 447 1516 temperarentque
478 1432 576 1515 prout
605 1417 690 1515 ipsis
724 1415 870 1489 libuerit.
904 1416 1024 1512 Legem
1052 1416 1273 1491 destituerent

157 1531 250 1606 omni
273 1530 408 1613 virtum
436 1557 538 1631 quam
565 1531 700 1604 haurire
726 1545 842 1629 posset
859 1556 880 1602 a
898 1529 1080 1628 religione,
1111 1558 1175 1606 nec
1200 1532 1272 1607 reli-

50 1674 57 1692 ·
157 1647 270 1746 gionis
287 1647 369 1720 -nisi
394 1646 522 1719 nudum
547 1671 668 1719 nomen
693 1645 916 1722 admitterent.
943 1647 1040 1733 Quod
1061 1662 1154 1721 esset
1179 1648 1273 1723 atbe-

156 1762 283 1836 ismum
317 1761 501 1862 practicam
531 1761 700 1861 profiteri,
725 1785 765 1833 ac
789 1761 963 1835 destruere
994 1787 1113 1836 omnes
1144 1762 1272 1861 obliga-

159 1877 293 1967 tiones,
322 1903 407 1978 quas
433 1876 552 1974 religio
573 1875 772 1975 praescribit
792 1901 832 1949 ac
860 1876 981 1973 exigit,
1005 1890 1108 1977 atque
1139 1903 1271 1952 omnem

158 1992 347 2067 libertatem
372 2009 521 2067 evertere
547 1992 752 2089 religiosam.

232 2109 397 2197 Quocirca
422 2109 488 2184 nisi
514 2108 566 2181 lex
592 2108 702 2181 civilis
729 2106 885 2205 religioni
909 2108 1040 2197 subsit,
1064 2134 1105 2181 ac
1131 2136 1170 2183 se
1195 2135 1272 2184 eon·

158 2227 321 2303 scientiae
342 2225 467 2298 civium
490 2224 737 2310 accommodet,
763 2222 821 2323 qui
846 2222 1042 2320 religionem
1073 2225 1272 2325 profitentur

159 2369 229 2416 una
245 2368 322 2416 cum
340 2338 614 2438 obligationibus,
635 2365 722 2438 quas
740 2340 817 2437 ipsa
834 2339 992 2436 iniungit,
1010 2365 1199 2439 numquam
1216 2366 1273 2441 pro

157 2482 197 2533 sc
220 2457 360 2530 babebit
382 2455 567 2529 libertatem
591 2455 837 2542 conscientiae,
856 2470 972 2528 contra
989 2481 1067 2529 vero
1092 2481 1170 2529 eam
1197 2482 1271 2556 pes-

156 2573 330 2648 sumdaret
350 2598 389 2645 ac
411 2598 549 2671 prorsus
575 2571 809 2658 labefactaret3
835 2571 1013 2669 impediret
1036 2571 1167 2672 quippe
1192 2598 1273 2672 quo-

158 2690 272 2761 minus
297 2689 389 2762 cives
412 2687 643 2761 satisfacerent
667 2685 942 2784 obligationibus,
971 2713 1058 2786 quas
1082 2688 1135 2761 eis
1157 2688 1273 2786 religio

98 2811 101 2816 ’
157 2803 376 2904 praescribit,
404 2818 437 2876 et
461 2802 585 2901 quibus
619 2801 794 2875 servandis
821 2828 861 2873 ex
886 2801 1093 2875 conscicntia
1127 2802 1273 2878 obstrin-

157 2936 295 3020 guntur.

231 3037 302 3108 lam
319 3059 398 3110 vero
416 3032 492 3107 talis
507 3033 590 3107 soret
603 3032 656 3106 lex
673 3032 715 3105 de
732 3033 945 3106 matrimonio
962 3031 1165 3131 simpliciter
1182 3032 1270 3108 cirili

159 3152 270 3252 quoad
293 3177 365 3238 cos,
386 3150 446 3249 qui
465 3148 662 3248 profitentur
686 3148 883 3246 religionem
905 3148 1119 3222 catholicam.
1140 3149 1271 3224 Etenim

159 3291 227 3339 non
252 3264 352 3337 modo
377 3263 474 3337 liberi
499 3263 655 3337 catholici
680 3278 796 3336 essent
816 3263 860 3335 ab
881 3263 1087 3360 obligatione
1112 3265 1199 3339 ritus
1225 3291 1273 3338 rc·

159 3379 273 3476 ligiosi
299 3379 455 3454 servandi
482 3380 517 3452 in
549 3395 720 3453 contractu
752 3378 918 3476 coniugali
948 3378 1122 3466 ineundo,
1159 3405 1271 3455 verum

158 3494 260 3568 etiam
282 3510 478 3590 cogerentur
494 3493 669 3568 admittere
687 3509 856 3593 tamquam
875 3495 1069 3591 coniugium
1087 3494 1271 3592 legitimum

159 3609 209 3696 id,
232 3608 323 3708 quod
344 3635 384 3681 ex
402 3608 568 3682 catholica
586 3610 653 3682 fide
670 3636 736 3682 non
762 3625 852 3683 esset
877 3610 943 3682 nisi
970 3608 1217 3690 concubinatus
1242 3624 1272 3682 et

158 3725 361 3811 fornicati03
389 3742 586 3823 cogerentur
610 3725 725 3799 subire
749 3726 1002 3802 consecutiones
1028 3751 1162 3813 omnes,
1187 3749 1272 3825 quae

158 3866 199 3913 ex
221 3840 395 3938 illegitima
416 3856 449 3913 ct
469 3841 648 3915 fornicaria
668 3841 903 3915 coniunctione
927 3841 1152 3941 proveniunt3
1181 3866 1271 3937 coge

159 3971 275 4028 rentur
299 3954 475 4029 admittere
504 3957 552 4029 uti
584 3954 750 4052 legitimos
776 3954 878 4042 filios,
904 3981 989 4054 quos
1015 3955 1162 4029 ecclesia
1193 3960 1271 4054 spu*—

159 4071 229 4146 rios
255 4095 332 4144 esse
353 4068 522 4159 declarat;
550 4089 748 4169 cogerentur
773 4070 815 4143 ad
840 4087 949 4158 actus,
978 4097 1065 4170 quos
1092 4071 1212 4168 religio
1234 4095 1271 4143 ac

159 4208 245 4259 sana
268 4184 381 4259 ethica
405 4202 443 4259 ut
468 4183 602 4261 illicitos
624 4213 664 4260 ac
688 4186 880 4260 immorales
904 4186 1068 4260 damnant
1093 4212 1133 4260 ac
1160 4205 1271 4286 repro·

158 4298 260 4389 bant;
276 4301 520 4400 impedirentur
535 4301 725 4403 relinquere
738 4327 799 4378 seu
812 4301 943 4377 solvere
955 4301 1125 4378 invalidas
1139 4301 1269 4402 nuptias
