2872 5062
228 354 295 422 tle
431 375 491 423 arn.
513 376 535 423 r.
558 374 643 423 sacr.
664 375 792 423 aurens.
816 376 854 422 nn
872 375 1001 423 narnis.
1023 374 1128 422 crvrnr.

226 495 303 567 dem
328 492 533 566 concubinae
559 491 659 578 filios,
689 493 717 565 si
745 519 812 565 non
838 508 1028 577 aversatur,
1057 491 1174 565 saltem
1196 518 1259 565 neo
1283 493 1336 563 di-

226 608 394 694 lectione,
425 633 535 705 neque
559 608 719 680 maternis
750 609 839 679 curis
865 623 1097 706 prosequetur.
1132 607 1165 677 Si
1190 607 1338 706 denique

227 723 326 796 matri
356 721 420 796 soli
446 748 532 796 onus
556 721 750 794 educandae
783 720 888 820 prolis
913 720 1124 807 dimittatur,
1152 747 1228 794 cum
1253 722 1337 794 haec

228 853 343 937 utpote
360 863 427 911 non
444 851 550 910 mater
574 836 743 933 legitima,
764 861 826 909 nec
842 861 989 908 amorem
1007 835 1072 908 sibi
1090 861 1130 907 ex
1147 835 1339 910 conditione

228 979 292 1026 sua
318 951 498 1025 conciliare
519 951 648 1049 possit,
670 976 730 1023 nec
756 965 870 1049 utpote
898 950 1043 1023 loemina
1062 950 1215 1023 timorem
1237 969 1340 1050 queat

229 1068 313 1141 satis
339 1067 504 1153 incutere,
524 1082 562 1139 ut
585 1092 658 1139 eam
686 1064 752 1138 sibi
777 1064 955 1137 obnoxiam
972 1064 1107 1150 habeat,
1128 1064 1209 1137 hinc
1226 1063 1280 1149 fit,
1301 1080 1339 1137 ut

229 1208 298 1282 quo
313 1181 422 1278 magis
435 1181 640 1254 adoleverint
658 1180 737 1265 lilii,
758 1195 817 1252 aut
832 1180 938 1265 filiae,
958 1204 1016 1252 eos
1034 1179 1146 1252 minus
1160 1179 1227 1252 sibi
1241 1179 1339 1253 obse-

230 1310 371 1395 quantes
388 1296 595 1395 experiatur,
616 1294 734 1369 saltem
752 1295 781 1367 si
800 1295 955 1393 prudenti
973 1293 1098 1366 iudicio
1115 1295 1158 1367 de
1175 1295 1236 1380 iis,
1252 1321 1339 1394 quae

230 1409 409 1482 usuvenire
432 1409 541 1483 solent
565 1409 748 1505 generatim
773 1408 865 1506 loqui
890 1407 1045 1481 velimus.

254 1573 256 1576 >
303 1525 341 1599 lu
352 1549 567 1624 quacumque
584 1524 685 1620 igitur
696 1522 879 1622 hypothesi
893 1523 1043 1597 infelices
1060 1525 1227 1598 eiusmodi
1241 1524 1338 1598 libari

231 1640 390 1724 evadent,
407 1654 444 1710 ut
456 1638 590 1711 biblicis
611 1654 686 1710 utar
702 1637 905 1736 phrasibus,
927 1638 989 1709 filii
1006 1643 1170 1737 nequam,
1192 1665 1232 1712 ac
1250 1638 1340 1712 filiae

230 1753 334 1826 llelial
355 1754 541 1826 nescientes
558 1752 644 1825 hane
664 1779 779 1850 agere,
801 1779 841 1825 ac
856 1754 1138 1827 venundabantur
1153 1754 1196 1826 ad
1214 1755 1341 1828 lacien-

230 1870 312 1942 dum
332 1869 469 1941 malum.
498 1869 787 1967 supervacaneum
812 1885 922 1942 autem
943 1871 1098 1943 existimo
1117 1897 1255 1970 prorsus
1280 1871 1341 1943 ad-

232 2000 346 2058 notare
363 1982 529 2058 eiusmodi
544 1984 632 2058 filios
650 1984 753 2070 nihil,
769 2001 827 2057 aut
840 1985 909 2058 lere
921 1984 1019 2057 nihili
1037 1985 1183 2058 facturos
1200 1987 1342 2059 auctori·

231 2116 332 2173 tatem
346 2115 534 2199 paternam,
556 2126 657 2200 qnam
669 2125 732 2171 nec
745 2116 902 2199 parentes
921 2101 987 2198 ipsi
1001 2101 1036 2171 in
1050 2127 1088 2173 se
1100 2101 1232 2175 reveriti
1246 2118 1337 2175 sunt.

304 2217 399 2289 Nunc
416 2215 544 2314 aliquid
562 2214 724 2288 addemus
742 2216 785 2288 de
802 2217 927 2289 auctori
934 2231 999 2288 tate
1016 2215 1152 2314 publica
1169 2217 1340 2312 magistra

232 2348 347 2418 tuum,
376 2357 478 2430 quam
503 2331 628 2430 pariter
652 2357 711 2431 per
735 2331 984 2404 matrimonium
1006 2330 1104 2404 civile
1129 2333 1281 2405 enervari
1302 2357 1341 2404 ac

232 2446 386 2518 imminui
411 2445 532 2519 iisdem
558 2445 734 2533 conficitur
755 2447 971 2540 argumentis,
992 2445 1116 2545 quibus
1133 2445 1340 2519 ostendimus

233 2561 385 2632 enervari
410 2586 451 2632 ac
476 2559 565 2631 laedi
590 2561 818 2633 auctoritatem
844 2562 1060 2634 domesticam
1090 2587 1129 2634 ac
1154 2545 1336 2659 paternam.

232 2675 317 2745 Nam
349 2689 474 2745 certum
504 2689 579 2759 est,
611 2674 807 2770 religionem
835 2702 909 2747 eam
939 2703 1034 2762 esse,
1069 2701 1158 2775 quae
1187 2676 1340 2750 conciliat

234 2787 422 2861 auctoritati
443 2786 598 2886 publicae
614 2789 859 2862 venerationem
872 2805 904 2862 ct
916 2791 1146 2862 reverentiam.
1163 2790 1343 2863 innumera·

233 2929 337 3003 prope
361 2902 542 2977 bibliorum
569 2903 767 2978 documenta
797 2905 832 2978 id
861 2921 1044 2992 testantur,
1073 2931 1161 3004 quae
1185 2906 1340 2979 omnibus

233 3018 333 3092 obvia
359 3035 448 3091 sunt.
470 3018 643 3118 Siquidem
664 3020 812 3093 declarat
835 3022 1126 3120 Scripturareges
1151 3046 1212 3119 per
1236 3023 1339 3094 lleum

234 3160 394 3231 regnare,
415 3160 455 3207 ac
472 3135 637 3233 imperare
653 3135 821 3235 principes
843 3138 931 3231 (ll);
955 3138 1034 3208 item
1051 3135 1177 3219 nullam
1197 3136 1341 3236 potesta-

233 3266 300 3322 tem
323 3275 399 3321 esse
418 3249 484 3321 nisi
512 3276 533 3322 a
556 3251 641 3340 Deo,
675 3266 708 3324 et
732 3278 819 3350 quae
845 3267 923 3324 sunt
944 3267 1124 3351 potestates
1149 3278 1169 3324 a
1194 3253 1273 3325 lleo.
1289 3277 1341 3324 or-

233 3364 368 3436 dinatas
393 3389 489 3452 asse,
518 3380 551 3438 et
574 3367 633 3466 qui
659 3366 786 3440 resistit
811 3367 967 3466 potestati
989 3368 1049 3439 llei
1069 3367 1272 3440 ordinationi
1291 3393 1341 3438 rc-

234 3478 353 3552 sistere
383 3480 477 3576 (lh);
505 3480 653 3554 declarat
678 3498 847 3581 praeterea
871 3497 1009 3554 cunctos
1039 3482 1162 3555 debere
1189 3478 1341 3554 subditos

234 3620 310 3667 esse
332 3595 452 3668 «omni
470 3596 639 3670 humanae
668 3613 839 3670 creaturae
863 3614 996 3697 propter
1019 3599 1145 3684 Deum,
1175 3594 1248 3671 sive
1272 3597 1340 3694 regi

234 3710 334 3808 quasi
356 3710 589 3809 praecellenti,
611 3711 682 3784 sive
698 3711 842 3784 ducibus
860 3726 1030 3810 tamquam
1048 3712 1090 3784 ab
1106 3737 1147 3784 eo
1164 3712 1281 3784 missis
1299 3710 1340 3783 ad

234 3824 414 3898 vindictam
439 3826 707 3913 malefactorum,
735 3826 868 3900 laudem
893 3851 972 3901 vero
993 3822 1174 3913 bonorum,
1194 3824 1277 3927 quia
1293 3827 1341 3900 sic

234 3956 287 4011 est
308 3939 464 4014 voluntas
488 3941 549 4013 Dei
572 3942 686 4036 (llllnr
702 3955 802 4040 atque
821 3941 884 4014 hoc
901 3966 967 4015 non
985 3941 1093 4015 solum
1106 3938 1216 4039 quum
1233 3941 1342 4037 agitur

306 4161 357 4225 tlt)
372 4163 446 4212 Prcv.
457 4164 524 4213 Vlll.
536 4168 573 4212 to.

258 4310 260 4314 y
306 4241 356 4304 (ts)
371 4244 442 4293 nom.
454 4244 520 4292 x111.
534 4247 588 4292 aa.
630 4283 633 4287 .

287 4318 355 4381 filant
371 4321 390 4369 ι.
402 4320 513 4370 vetavi.
526 4328 599 4372 rara.
