2872 5062
338 365 406 412 cta.
423 365 446 413 1.
464 365 503 412 nr
521 365 652 415 namur.
670 364 781 414 crvrrrs
798 365 931 414 aarum.
949 366 1020 414 nur.
1037 368 1068 414 v.
1197 345 1264 413 tta

158 481 240 553 Cum
267 508 346 554 vero
371 507 410 554 er
435 482 532 555 dictis
556 483 725 556 societatis
747 508 786 554 ac
808 483 954 554 familiae
975 483 1204 555 fulcimentum
1228 512 1267 557 ao

157 595 272 681 basis,
294 597 396 668 immo
413 612 445 668 et
461 597 630 669 vinculum
650 598 694 669 sit
711 597 849 694 religi0;
870 623 1079 696 consequens
1099 613 1167 684 est,
1192 625 1262 686 oue,

159 709 218 809 qui
238 713 284 782 ita
301 714 415 808 agunt,
439 712 575 785 totidem
598 739 673 785 esse
694 713 863 786 societatis
881 712 995 785 hostes
1013 728 1046 785 et
1063 713 1263 812 proditores,

159 826 241 898 dum
259 853 295 899 se
311 827 385 899 eius
404 827 578 900 commoda
590 843 623 901 et
634 828 796 901 utilitates
810 854 1005 927 promovere
1019 829 1161 925 fingunt.
1180 830 1267 901 Sane

160 941 232 1027 isti,
260 957 297 1014 ut
321 941 502 1041 plurimum
521 945 556 1014 iu
573 944 718 1043 publicis
744 943 1023 1017 commotionibus
1048 945 1176 1043 primas
1194 971 1268 1043 par·

157 1071 209 1130 tes
235 1074 372 1154 gerunt,
397 1058 580 1132 turbulenti
602 1075 634 1133 et
656 1060 798 1158 inquieti
823 1075 920 1146 sunt,
945 1059 1176 1159 novitatesque
1197 1087 1268 1134 mo-

158 1172 285 1244 liuntur
310 1200 349 1247 ac
374 1175 621 1248 machinantur.
649 1177 769 1247 Verum
794 1175 872 1248 dato
897 1175 998 1246 etiam
1024 1200 1091 1247 non
1123 1200 1263 1261 omnes,

158 1314 244 1387 quos
263 1291 503 1378 recensuimus,
525 1318 565 1366 eo
583 1291 791 1391 pervenisse,
808 1305 865 1363 aut
878 1305 1095 1390 perventuros
1107 1317 1266 1389 umquam

158 1430 254 1489 esse;
279 1404 423 1478 inficiari
447 1422 558 1479 tamen
581 1432 676 1479 nemo
699 1406 838 1505 poterit,
856 1431 913 1478 eos
926 1405 991 1478 hae
1004 1405 1125 1502 agendi
1139 1404 1268 1479 ratione

160 1518 334 1592 debilitare
351 1520 469 1594 saltem
489 1521 660 1608 indirecte,
676 1545 716 1593 ac
728 1521 913 1594 dissociare
925 1520 1096 1594 societatis
1113 1520 1268 1618 publicae

157 1660 198 1708 ao
222 1636 429 1710 domesticae
452 1663 667 1736 compagem,
696 1638 777 1709 dum
802 1635 976 1733 religionis
1001 1661 1041 1707 ac
1065 1635 1143 1706 fidei
1167 1636 1268 1708 virtu·

155 1767 224 1824 tem
242 1768 441 1840 extenuant,
459 1754 600 1852 eiusque
613 1753 790 1852 imperium
810 1751 998 1850 impediunt
1014 1751 1048 1822 in
1067 1766 1158 1823 tanta
1176 1776 1268 1850 prae

158 1867 295 1954 sertim,
325 1868 360 1938 in
386 1894 454 1966 qua
478 1895 567 1942 nunc
591 1894 777 1953 versamur,
798 1868 842 1939 ad
859 1866 1139 1939 communiamum
1156 1862 1196 1938 ae
1213 1893 1269 1941 so-

159 1982 350 2056 cialismum
373 1985 609 2083 propensione.
1262 2004 1265 2007 ’

161 2125 163 2130 ·
230 2097 379 2170 Tendere
405 2115 576 2197 praeterea
601 2115 720 2199 suapte
740 2114 867 2171 natura·
885 2097 1078 2194 coniugium
1101 2095 1200 2171 civile
1224 2097 1267 2169 ad

159 2212 417 2287 dissolutionem
443 2213 590 2286 familiae
615 2240 654 2285 ao
679 2213 848 2296 societatis
869 2237 909 2283 ex
929 2209 1107 2309 multiplici
1128 2206 1269 2283 'vulnere

156 2342 272 2400 contra
292 2329 522 2401 auctoritatem
539 2327 631 2400 illato
648 2328 714 2399 iam
730 2326 829 2399 nobis
842 2325 1084 2399 ostendendum
1102 2340 1164 2396 est.
1181 2325 1268 2397 Dum

156 2468 235 2516 vero
252 2442 480 2515 auctoritatem
499 2441 726 2528 nominamus,
747 2457 821 2515 tum
839 2441 1055 2514 domesticam
1075 2454 1264 2539 parentum,

156 2574 227 2629 tum
242 2551 414 2654 publicam
427 2558 681 2654 magistratuum
694 2556 887 2655 significare
896 2556 1068 2630 volumus:
1082 2552 1264 2656 siquidem,

157 2687 301 2771 utraque
328 2672 471 2745 laeditur
495 2697 555 2772 per
578 2673 744 2746 eiusmodi
770 2669 937 2769 coniugia.

168 2814 170 2819 ¹
225 2788 284 2858 lta
298 2813 380 2861 sane
404 2789 632 2877 auctoritatem
661 2789 879 2862 domesticam
906 2787 941 2857 in
967 2786 1085 2886 primis
1109 2786 1198 2859 laedi
1214 2803 1269 2858 ac

161 2900 314 2974 imminui
341 2919 497 3003 exparte
522 2903 627 3002 prolis
652 2905 797 3003 quisque
821 2902 918 2975 facile
942 2903 1007 2975 sibi
1033 2898 1263 3001 persuadebit,

159 3012 525 3114 qui'animadverterit,
549 3019 636 3092 filios
654 3035 744 3092 ortos
762 3045 802 3090 ex
823 3017 988 3091 eiusmodi
1006 3015 1202 3116 parentibus
1219 3014 1269 3086 oi-

157 3131 225 3204 tius
251 3147 310 3205 aut
327 3129 442 3208 serius
459 3132 736 3233 incognitionem
757 3134 915 3207 devenire
935 3127 1096 3207 connubii
1115 3130 1275 3231 profani,

158 3247 248 3347 quod
275 3248 343 3346 ipsi
368 3265 615 3324 contraxerunt.
639 3250 733 3324 lllico
757 3250 856 3322 liberi
874 3250 924 3322 sio
942 3247 1106 3347 progeniti
1130 3271 1269 3319 venera-

158 3362 284 3434 tionem
302 3363 515 3451 imminuunt,
537 3366 604 3438 imo
618 3365 820 3464 deperdunt,
837 3390 938 3462 quam
951 3360 1004 3434 vel
1018 3362 1093 3461 ipsa
1106 3360 1271 3434 suadente

153 3478 276 3550 'natura
289 3475 329 3550 ac
343 3477 568 3578 praecipiente
580 3481 650 3553 Deo
662 3480 811 3580 profiteri
832 3479 991 3551 deberent
1004 3475 1084 3574 erga
1096 3494 1270 3576 parentes.

157 3593 240 3667 Ideo
259 3594 350 3667 enim
372 3595 533 3694 obsequio
550 3600 677 3694 patrem
699 3623 739 3669 ac
758 3592 897 3669 matrem
916 3594 976 3665 filii
997 3589 1174 3693 potissimo
1191 3588 1268 3690 pro·

158 3725 370 3808 sequuntur,
407 3713 497 3809 quod
523 3727 774 3811 repraesentant
799 3707 1026 3786 auctoritatem
1053 3709 1114 3782 Dei
1144 3708 1266 3807 ipsius,

157 3824 257 3897 cuius
281 3826 354 3898 vico
380 3826 490 3899 bisin
511 3829 608 3901 terris
628 3828 875 3927 quodammodo
900 3828 1098 3923 funguntur,
1120 3838 1152 3897 et
1172 3822 1269 3894 cuius

157 3940 295 4013 nomine
317 3940 406 4015 filios
424 3943 601 4016 instituunt
620 3961 655 4017 et
674 3943 718 4017 ad
740 3969 871 4017 omnam
893 3943 1047 4015 virtutem
1073 3939 1264 4012 informant.

156 4054 217 4129 Ast
243 4055 335 4129 huno
360 4081 512 4147 sacrum,
544 4075 594 4133 ut·
615 4060 662 4132 ita
691 4059 821 4146 dicam,
850 4060 1075 4133 characterem
1100 4053 1136 4125 in
1160 4052 1268 4125 oculis

159 4170 311 4246 liliorum
325 4175 482 4248 amittunt
494 4191 649 4275 parentes
664 4172 713 4247 illi
728 4234 735 4262 ,
751 4176 810 4274 qui
825 4174 917 4248 nullo
933 4172 1045 4246 valido
1062 4195 1102 4243 ao
1119 4167 1268 4265 legitimo

159 4313 247 4360 nexu
271 4304 351 4363 sunt
375 4289 461 4363 inter
486 4317 523 4363 se
548 4291 738 4375 coniuncti,
776 4290 835 4363 sed
871 4289 1009 4390 prolana
1039 4282 1270 4364 tantummodo

1175 4402 1196 4444 ¹lt
