2872 5062
172 355 240 425 292
363 377 728 429 marocenorum.
751 379 791 428 nu
817 379 948 431 aarum.
971 380 1099 432 cruror:

167 495 335 569 lemnibus
359 496 469 592 gentis
496 496 693 571 islamiticae
716 496 922 572 blachometc
947 497 1132 599 prophetae
1157 501 1280 578 oblatis

166 613 329 685 interesse
354 613 528 714 precibus,
557 613 726 713 simulque
751 640 850 713 posse
877 614 1049 713 tamquam
1074 612 1280 693 christianos

167 726 338 800 Christum
360 728 469 802 colere
491 730 633 828 eiusque
659 729 774 827 legem.
791 730 952 828 profiteri.
977 731 1069 804 Idem
1089 748 1168 805 esto
1194 733 1283 807 iudi-

166 841 255 916 cium
273 844 316 916 de
333 844 485 944 principe
503 844 694 932 haeretico,¹
705 845 764 945 qui
783 844 1166 946 catholicosquatenus
1193 852 1284 924 cives

165 960 305 1033 suntad
323 985 364 1033 ea
380 959 547 1057 adigeret,
567 962 750 1060 quaecum
768 960 937 1035 catholica
962 962 1175 1060 professione
1193 990 1285 1039 com-

166 1076 245 1176 poni
272 1103 338 1151 uon
364 1076 517 1176 possunt.
1150 1078 1176 1085 ”

164 1223 167 1230 ·
238 1191 400 1265 Eiusdem
422 1193 557 1291 generis
577 1209 630 1267 est
651 1190 776 1283 casus,
803 1219 904 1292 quem
930 1219 1012 1293 prae
1036 1194 1195 1268 manibus
1222 1196 1284 1270 ba-

165 1307 296 1382 bemus.
315 1309 592 1408 Pseudo-politici
617 1310 691 1408 lege
708 1335 728 1383 a
745 1308 888 1396 solata,
909 1324 967 1382 aut
984 1309 1121 1383 ferenda
1145 1327 1284 1385 conten·

164 1421 249 1496 dunt
269 1425 407 1523 nuptias
432 1449 545 1498 coram
571 1425 644 1499 solo
669 1427 865 1523 magistratu
883 1425 975 1498 civili
993 1425 1102 1498 inscia
1119 1426 1282 1501 ecclcsiae

165 1536 284 1624 initas,
301 1537 354 1612 'uti
372 1537 503 1625 licitae,
525 1537 652 1636 legales
670 1548 827 1638 ratasque
846 1538 1021 1613 habendas
1038 1564 1115 1613 esse
1127 1566 1149 1613 a
1162 1539 1281 1614 subdi-

164 1653 229 1740 tis,
264 1651 363 1752 prout
392 1653 609 1741 cives'sunt,
647 1654 797 1728 sobolem
823 1653 903 1728 inde
927 1653 1034 1728 ortam
1067 1655 1206 1754 pariter
1228 1658 1277 1730 uti

163 1766 371 1866 legitimam,
391 1795 479 1869 quae
494 1766 642 1869 politicis
660 1769 817 1843 omuibus
843 1769 966 1843 civium
985 1769 1132 1869 propriis
1150 1771 1281 1871 privile

163 1883 228 1981 giis
251 1884 316 1958 seu
331 1884 467 1959 iuribus
494 1885 651 1985 potiatur.
672 1884 721 1957 Ac
738 1884 768 1956 si
787 1901 959 1984 praeterea
984 1885 1169 1983 legislatori
1195 1886 1280 1961 ulte·

163 2001 233 2074 rius
252 1997 408 2100 progredi
427 1994 558 2089 lubeat,
579 2001 749 2100 permittat
761 1999 948 2099 'perlectum
968 2000 1011 2074 ab
1028 1990 1136 2076 hitoe'
1152 2004 1280 2102 nuptiis

162 2115 493 2216 divortiumsatque
518 2117 644 2190 idcirco
669 2116 770 2190 etiam
796 2116 1040 2217 polygamiam,
1069 2118 1277 2192 materialem

162 2229 281 2306 saltem
307 2260 368 2332 per
392 2233 569 2307 transitum
584 2229 637 2306 'ad
665 2258 751 2307 nova
776 2248 869 2306 vota:
896 2233 1136 2332 impedimenta
1161 2232 1278 2307 ‘matri-

161 2348 322 2421 monialia
350 2347 524 2436 immutet,
554 2348 665 2436 tollat,
693 2347 884 2421 constituat.
915 2348 1043 2422 Norunt
1067 2347 1104 2419 hi
1130 2349 1277 2449 pseudo-

162 2462 307 2561 politici‚
334 2461 536 2563 quibuscum
562 2460 717 2560 agimus,
742 2462 968 2537 haecomnia
997 2461 1115 2536 aliona¹
1138 2490 1276 2563 prorsus

156 2604 238 2677 esse
255 2606 276 2652 a
293 2579 455 2678 religione
480 2576 665 2666 catholica,
687 2595 720 2652 et
737 2605 814 2652 cum
828 2577 903 2665 iis,
932 2578 992 2677 qui
1018 2605 1093 2652 eam
1118 2580 1277 2678 proliten-

161 2707 226 2780 tur,
241 2708 356 2791 aperte
368 2719 536 2794 pugnare,
556 2693 709 2792 adeoque
722 2693 765 2766 ab
779 2693 896 2766 eadem
914 2691 1104 2791 repudiari,
1120 2693 1273 2766 damnari

161 2827 262 2908 atque
279 2809 481 2882 execrationi
499 2808 628 2884 baberi.
653 2809 903 2895 Verumtamen,
925 2808 1008 2907 quin
1026 2809 1270 2907 partemcluunt,

160 2924 320 2999 audacter
336 2951 374 2998 se
392 2925 579 3024 sapientiae
596 2924 727 3024 apicem
749 2924 902 3020 attigisse
924 2922 1130 2997 arbitrantur
1146 2951 1209 3024 per
1224 2951 1276 2999 ce·

160 3039 286 3114 lebrcm
311 3067 407 3115 suam
433 3041 705 3128 distinctionem,
734 3039 825 3139 quod
852 3064 973 3138 nempe
990 3039 1026 3110 in
1043 3038 1099 3112 his
1118 3040 1274 3113 omuibus

158 3155 224 3255 ipsi
252 3183 319 3232 non
346 3172 499 3256 spectent
519 3141 795 3242 matrimonium,
811 3153 877 3227 nisi
896 3168 1065 3253 quatenus
1083 3170 1274 3229 contractus

159 3269 270 3343 civilis
294 3287 346 3345 est
373 3288 473 3372 atque
490 3298 511 3371 a
528 3271 659 3345 civibus
685 3269 871 3354 ineundus,
901 3268 984 3367 quin
997 3372 1000 3378 Α
1011 3294 1112 3341 curae
1129 3269 1217 3369 ipsis
1233 3269 1275 3343 sit

158 3385 202 3459 de
219 3388 449 3475 conscientia,
472 3405 531 3462 aut
554 3387 597 3460 de
623 3385 758 3485 pietatis
784 3385 991 3484 integritate,
1013 3410 1119 3484 aqua
1137 3387 1272 3460 omnino

156 3503 399 3599 praescindunt
425 3503 704 3601 abstrahuntque.
766 3554 768 3562 ι

158 3691 179 3707 ,,
202 3693 206 3720 ἶ
231 3617 320 3702 Quid
347 3644 445 3718 porro
469 3618 652 3721 absurdius
677 3618 742 3690 hac
767 3617 888 3714 agendi
914 3617 1041 3690 ratione
1067 3618 1268 3716 excogitari,

159 3750 217 3808 aut
243 3734 324 3834 fingi
353 3735 494 3835 potest?
519 3738 635 3809 Nonne
660 3736 694 3807 in
720 3734 839 3807 ordine
864 3732 965 3820 reali,
994 3759 1073 3820 seu,
1095 3750 1133 3807 ut
1149 3734 1267 3818 aiunt,

156 3852 192 3923 in
210 3865 364 3925 concreto
385 3851 487 3924 iidem
506 3851 607 3924 simul
625 3851 716 3924 cives
734 3865 813 3923 sunt
826 3865 858 3922 et
872 3848 1077 3922 christiani?
1095 3849 1269 3936 Quomodo

156 3983 193 4040 ut
214 3959 304 4040 cives
330 3965 364 4038 id
391 3982 500 4039 ratum
526 3964 651 4039 habere
677 3969 844 4063 possunt,
859 3963 952 4062 quod
968 3988 989 4036 a
1004 3961 1194 4039 christiano
1210 3989 1268 4037 seu

155 4082 321 4156 catholico
351 4081 487 4155 nomine
512 4080 698 4154 abhorret?
724 4080 899 4165 Quaenam
924 4095 976 4151 cst
999 4079 1168 4153 eiusmodi
1194 4079 1265 4164 lex,

156 4183 243 4297 quae
260 4195 674 4296 christianorumcivium
701 4195 914 4272 matrimonia
937 4195 1061 4284 sancit,
1083 4222 1122 4270 ac
1140 4195 1170 4271 si
1188 4192 1268 4269 meri

157 4331 270 4389 essent
295 4314 418 4388 civium
445 4313 663 4388 contractus?
775 4402 777 4406 ι
