2872 5062
236 343 304 416 too
443 367 505 418 sn.
526 368 550 417 r.
572 368 657 417 snor.
679 369 810 418 nurum.
827 369 866 418 ns
884 357 1015 420 nsrnrn.
1033 369 1139 421 civim.

235 488 383 573 destitit,
405 503 441 560 ut
464 512 526 561 suo
543 487 616 562 loco
633 487 771 563 uberius
789 489 1004 563 ostendemus
1022 493 1109 586 (ab).
1128 491 1226 565 Falsa
1245 493 1348 591 igitur

187 628 189 634 ·
233 622 284 679 est
310 603 418 703 prima
442 605 608 703 assumpti
635 631 726 704 pars.

304 720 369 792 Sed
389 745 455 792 non
476 721 589 794 minus
609 720 695 794 falsa
712 736 763 794 est
780 721 884 794 altera
909 748 989 819 pars
1014 739 1210 821 assumptae
1236 723 1345 826 hypo·

233 835 352 909 thesis.
382 833 525 920 Quando
554 861 631 908 nam
658 835 693 906 in
720 836 876 932 coniugio
910 836 1095 909 christiano
1121 840 1271 937 separari
1306 867 1345 915 ac

232 950 346 1024 divelli
369 966 481 1049 potest
502 965 691 1024 contractus
717 952 918 1024 matrimonii
945 978 964 1024 a
990 953 1224 1026 sacramento?
1249 954 1347 1040 Quod

233 1080 284 1138 est
297 1091 333 1137 re
346 1064 574 1151 individuum,
596 1065 730 1137 nonnisi
748 1066 949 1162 cogitatione
966 1081 1137 1165 tamquam
1151 1067 1348 1142 distinctum

233 1181 440 1280 apprehendi
459 1196 588 1280 potest,
614 1195 667 1254 ast
685 1181 810 1268 dividi,
834 1181 1000 1275 separari,
1017 1181 1136 1256 divelli
1155 1182 1349 1258 nullatenus

233 1312 353 1396 potest.
372 1298 441 1369 lam
458 1322 537 1370 vero
555 1296 621 1369 tale
638 1322 714 1370 esse
732 1298 928 1394 coniugium
946 1297 1168 1370 christianum
1186 1299 1221 1370 in
1239 1300 1346 1397 priori

233 1410 375 1484 huiusce
405 1412 482 1483 libri
512 1413 659 1486 sectione
690 1413 956 1485 cumulatissime
988 1413 1225 1501 ostendimuS,
1263 1415 1346 1514 quin

234 1553 373 1602 necesse
395 1529 439 1601 sit
463 1528 638 1626 quidpiam
664 1526 827 1613 adiicere,
857 1543 915 1600 aut
939 1553 991 1614 ea,
1021 1554 1108 1627 quae
1134 1527 1344 1617 dictasunt,

149 1713 153 1719 .
234 1645 354 1719 iterum
375 1645 538 1742 ingerere.

306 1759 367 1832 Ast
395 1774 577 1832 contrectes
603 1761 740 1831 civilis?
765 1759 835 1832 Hac
861 1760 962 1832 verba
987 1776 1066 1832 sunt
1091 1787 1196 1834 sensu
1220 1787 1344 1851 vacua3

234 1875 293 1975 qui
330 1901 352 1948 a
389 1874 682 1975 pseudopoliticis
717 1874 827 1972 plenis
859 1874 976 1948 buccis
1015 1890 1198 1948 contractos
1235 1880 1346 1950 civilis

235 2006 464 2092 nuncupatur,
499 2017 540 2064 er
569 1991 721 2064 doctrina
754 1991 916 2064 ecclesiae
945 2017 1012 2064 non
1041 2008 1093 2065 est
1122 2008 1345 2079 contractus,

234 2106 294 2180 sed
319 2105 412 2180 larva
441 2121 653 2192 contractus,
687 2104 806 2177 umbra
831 2131 869 2177 ac
895 2105 1111 2177 simulacrum
1143 2123 1345 2182 contractus.

234 2222 365 2295 Etenim
388 2222 430 2293 ad
456 2216 720 2295 contrahendum
745 2244 883 2294 necesse
908 2222 1043 2293 omnino
1064 2237 1116 2294 est
1132 2236 1169 2294 ut
1185 2248 1350 2322 personae

234 2337 366 2412 habiles
395 2338 463 2411 sint
487 2337 531 2410 ad
556 2337 841 2423 contrahendum;
875 2336 1025 2435 alioquin
1056 2337 1142 2409 nihil
1172 2339 1346 2425 efficiunt,

234 2453 366 2527 etiamsi
392 2454 589 2526 contrahere
614 2453 758 2525 maxime
781 2452 929 2539 vellent,
957 2453 1242 2551 quemadmodum
1279 2455 1346 2527 lru·

237 2584 307 2640 stra
339 2567 546 2639 adniteretur
578 2567 691 2640 volare
721 2567 779 2665 qui
817 2566 880 2638 alis
915 2581 1006 2639 esset
1041 2567 1254 2653 destitutus,
1292 2586 1350 2642 aut

235 2682 389 2754 incedere
415 2683 473 2780 qui
499 2681 591 2754 tibiis
617 2698 754 2753 careret.
777 2683 847 2753 lam
864 2709 943 2755 vero
967 2681 1010 2754 ab
1035 2681 1177 2755 ecclesia
1204 2684 1240 2755 in
1267 2709 1347 2757 oon·

235 2797 312 2872 cilio
337 2797 517 2870 tridentino
539 2796 732 2871 solemniter
752 2796 955 2870 declaratum
977 2815 1046 2885 est,
1070 2815 1147 2870 eum
1164 2799 1224 2897 qui
1248 2826 1349 2898 prae·
1418 2885 1423 2898 ¹

235 2931 285 2988 ter
299 2915 453 2988 ''lormam
482 2940 503 2986 a
532 2940 570 2986 se
599 2913 813 2986 constitutam
846 2914 889 2985 de
917 2913 1108 3013 praesentia
1137 2915 1344 3001 sacerdotis,

195 3070 197 3074 ·
236 3057 276 3108 ac
299 3033 442 3106 duorum
464 3030 606 3104 triumve
631 3030 766 3103 testium
787 3030 985 3102 contrahere
1006 3031 1252 3118 conniteretnr‚
1273 3031 1347 3104 eins

308 3290 359 3352 (aa)
376 3288 490 3352 Appoaite
505 3287 624 3338 ctmdins
636 3288 744 3337 Foucbat
754 3287 779 3335 in
790 3299 835 3335 suo
847 3288 965 3335 Smmone
974 3288 1012 3335 De
1023 3284 1147 3348 reltptone
1163 3285 1297 3335 nationali
1311 3299 1349 3334 ro

234 3371 316 3419 muita
321 3368 514 3432 portstendbrss
523 3381 563 3417 an.
574 3372 642 3418 1789.
652 3387 664 3411 «ι
671 3367 743 3426 Quod
752 3367 866 3428 ecclesia,
874 3366 962 3428 inquit,
972 3365 1058 3414 statuit
1068 3366 1093 3413 in
1102 3366 1207 3414 concilio
1218 3365 1350 3415 tridentino

236 3449 384 3513 praeeminet
395 3447 509 3498 omnibus
516 3448 661 3498 tbmnornm
673 3447 782 3510 iniuriis,
793 3459 822 3496 ac
831 3447 937 3495 maxime
946 3445 1106 3496 conscientias
1115 3445 1233 3496 devincit.
1240 3446 1349 3496 liabetur

235 3531 414 3581 sacramentnm
422 3528 466 3578 ubi
475 3528 579 3579 ecclesia
589 3528 709 3579 catholica
718 3527 827 3577 declarat
839 3526 931 3577 adessa
944 3526 1070 3576 Habentur
1082 3525 1140 3574 boni
1150 3538 1248 3587 mores,
1258 3526 1301 3576 nbi
1309 3539 1349 3575 eos

236 3610 387 3675 recognoscit
394 3624 424 3661 ac
430 3611 493 3661 tates
507 3624 561 3662 esso
576 3610 686 3662 decernit
701 3610 810 3660 aecimis.
822 3612 912 3658 ornnes
928 3609 1002 3658 simul
1017 3610 1130 3671 sumptae
1144 3609 1278 3669 potestates
1289 3610 1347 3657 tem·

236 3691 333 3756 porates
342 3704 477 3755 numquam
489 3692 529 3742 rei
541 3691 634 3756 apicem
647 3691 777 3740 immutare
786 3691 902 3753 poterunt
911 3688 943 3738 de
952 3690 1053 3738 veritate
1062 3690 1151 3737 bomin
1160 3689 1346 3752 principiomm.

236 3773 349 3837 Episcopi
359 3774 416 3823 sunt
425 3772 577 3837 principibus
588 3771 680 3822 subditi
693 3770 718 3820 in
731 3769 869 3833 temporali
879 3767 993 3833 quidem,
1005 3771 1033 3819 tn
1046 3767 1184 3831 spirituali
1195 3778 1348 3832 numquam.

236 3855 397 3904 contrusam
406 3854 540 3917 principes,
552 3853 598 3903 sub
609 3853 656 3902 boc
666 3853 785 3914 respectu,
796 3850 889 3900 subditi
900 3852 958 3899 sunt
969 3850 1094 3908 ecclesiae,
1102 3849 1186 3898 omnia
1197 3846 1349 3898 contundun-

235 3938 289 3997 tur,
300 3946 357 3985 cum
371 3933 493 3986 eiusmodi
513 3933 669 3996 nsgtiguntnr
688 3931 865 3982 distinctiones.
879 3931 966 3993 Populi
978 3943 1007 3979 ao
1018 3929 1152 3992 principes,
1174 3942 1220 3978 vos
1235 3928 1349 3992 paritera

235 4017 287 4065 Boo
303 4013 452 4078 dependitis,
472 4012 499 4062 id
515 4015 566 4074 est,
577 4011 715 4072 enaritate,
726 4009 856 4071 aiustitia,
869 4008 1045 4069 amoralitute;
1057 4019 1106 4056 uuo
1115 4007 1214 4056 verboa
1224 4007 1347 4070 religione,

235 4093 289 4144 sine
298 4107 348 4158 qna
356 4094 425 4144 nulia
435 4092 537 4142 babetur
544 4104 602 4142 vera
612 4090 704 4152 virtus,
715 4090 811 4139 nultum
821 4089 963 4139 inviolabile
975 4088 1022 4148 ius,
1030 4089 1098 4139 nulla
1107 4087 1214 4150 positiva
1222 4087 1347 4137 maetas.»

233 4177 357 4226 Gmemss
365 4175 426 4224 base
435 4172 532 4223 dicandi
542 4171 642 4221 libertas
650 4169 741 4233 effecit,
753 4172 807 4220 uta
820 4169 982 4220 tolerantibus
994 4168 1044 4218 iliis
1057 4167 1179 4218 libertatis
1194 4167 1298 4230 gallicae
1311 4178 1346 4214 asu

236 4254 369 4306 sartoribus
379 4253 485 4318 caputet
496 4252 682 4304 obtruncaretur
691 4251 731 4301 die
742 4248 1025 4301 sermocinandum
1036 4249 1102 4300 anni.
1109 4248 1148 4298 ct.
1158 4248 1249 4312 Phiiip.
1259 4245 1349 4297 Garitlo

233 4347 275 4397 op.
285 4333 328 4386 cit.
340 4334 388 4384 loo.
400 4333 443 4384 cit.
455 4347 479 4396 p.
493 4336 547 4384 aet.
