2872 5062
273 388 341 436 car.
358 389 381 436 ι.
399 389 438 437 or
456 390 587 439 ιιιιιιιι.
608 390 721 440 cirrus
747 391 881 440 uarum.
903 391 973 439 cnr.
994 393 1025 438 ι.
1142 370 1209 437 tte

174 507 216 578 Et
240 507 326 578 baec
350 507 485 605 quidem
511 509 545 578 in
568 535 608 581 ca
631 508 831 606 hypothesi,
861 507 952 605 quod
973 509 1033 607 qui
1060 510 1110 581 sic
1131 510 1212 582 con'-

103 621 193 717 iugio
217 619 309 692 civili
336 621 520 716 funguntur
544 621 579 692 in
603 647 711 719 eoque
736 622 808 694 solo
832 623 1020 694 consistunt
1040 648 1080 694 ac
1101 649 1212 720 perse·

100 751 229 820 verant,
250 760 365 807 secum
383 739 516 833 semper
533 734 657 808 liberos
677 737 858 822 retineant,
878 755 916 807 ut
932 735 1211 835 qualemcumque

101 849 146 921 de
167 849 210 920 iis
232 873 346 920 curam
366 864 495 945 gerant.
512 848 572 922 Ast
588 867 838 948 praeterquam,
854 850 945 948 quod
959 851 1082 923 nedum
1095 851 1211 952 aliquo

100 988 181 1059 ergo
206 963 294 1035 filios
320 962 452 1035 sincero
474 978 611 1061 paterno
636 964 758 1036 affectu
782 964 952 1049 seruntur,
968 990 1035 1036 non
1049 965 1153 1038 semel
1170 985 1212 1038 co·

98 1078 304 1162 deveniunt,
331 1093 369 1148 ut
394 1103 454 1150 eos
478 1079 615 1151 omnino
641 1078 808 1151 deserant.
837 1081 957 1151 Notum
982 1080 1072 1150 enim
1093 1083 1150 1152 'est
1174 1080 1209 1152 in

99 1193 234 1290 magnis
261 1193 456 1292 praesertim
482 1193 624 1264 urbibus
648 1193 841 1266 huiusmodi
859 1209 1016 1294 parentes
1028 1195 1085 1266 rix
1097 1212 1209 1267 natam

99 1306 250 1380 sobolem
272 1307 316 1379 ad
337 1305 472 1404 publica
497 1307 777 1407 brephotrophia,
801 1335 889 1407 quae
904 1325 1045 1394 uocant,
1065 1309 1209 1396 deferre,-

99 1424 171 1495 sive
188 1423 270 1522 quia
286 1422 403 1497 nolunt
421 1423 568 1496 taedium
585 1424 807 1498 institutionis
825 1424 951 1510 subire,
967 1423 1009 1498 ob
1022 1424 1206 1511 molestias,

97 1563 184 1636 quas
210 1563 323 1610 secum
344 1537 421 1635 ipsa
445 1538 570 1624 trabit,
600 1539 672 1610 sire
697 1539 777 1637 quia
802 1537 969 1610 interdum
995 1538 1043 1610 rei
1070 1538 1210 1611 familia-

97 1654 145 1725 ris
170 1652 338 1748 angustiis
364 1668 582 1751 premuntur,
610 1653 859 1752 praesidiisque
883 1653 927 1725 ad
953 1679 1027 1726 eam
1053 1654 1208 1726 alendam

97 1768 337 1841 destituuntur.
359 1769 531 1840 Praeterea
544 1794 620 1842 cum
633 1770 763 1868 passim
776 1769 862 1840 inter
874 1768 1040 1841 eiusmodi
1054 1785 1208 1866 parentes

96 1883 248 1955 oriantur
272 1883 444 1982 querelae,
465 1884 573 1980 iurgia
593 1902 694 1983 atque
714 1884 870 1969 dissidia,
892 1899 1028 1982 propter
1044 1909 1133 1983 quac
1149 1910 1210 1982 pa-

96 1996 193 2071 cifice
220 1998 366 2096 amplius
390 1999 491 2071 simul
512 2000 708 2072 commorari
731 2025 796 2071 non
815 2017 974 2098 possunt,
1003 1998 1208 2072 abinvicem

96 2113 303 2211 supposititii
324 2113 489 2186 eiusmodi
514 2115 675 2210 coniuges
703 2130 912 2213 separantur.
934 2115 1016 2185 Tum
1033 2139 1113 2186 uero
1130 2140 1216 2212 pro-³

96 2227 164 2314 les,
191 2242 251 2300 aut
274 2229 409 2301 omnino
438 2228 503 2301 sibi
533 2228 757 2327 relinquitur,
786 2246 843 2301 aut
869 2229 963 2301 oneri
982 2228 1060 2300 ‘erit
1084 2227 1207 2300 alteru-

94 2341 180 2414 trius
201 2342 373 2439 coniugis,
393 2348 451 2415 aut
471 2370 546 2415 cam
563 2344 663 2415 etiam
683 2360 837 2443 parentes
851 2344 939 2414 inter
952 2368 989 2415 se
1002 2343 1204 2441 partiuntur.¹

96 2455 272 2555 Quidquid
305 2456 425 2530 horum
454 2458 655 2554 contigerit,
692 2458 727 2529 id
759 2483 891 2556 semper
919 2457 1049 2531 eveniet
1080 2457 1207 2553 ingenti

96 2571 305 2655 auctoritatis
334 2579 461 2646 iactura
485 2601 675 2674 magnoque
699 2574 847 2647 familiae
872 2573 1082 2646 detrimento.

103 2718 105 2723 ·
167 2687 300 2759 Etenim
321 2687 352 2759 si
373 2689 508 2761 omnino
529 2689 695 2761 deseritur
719 2688 829 2788 proles
855 2714 895 2761 ac
920 2687 986 2760 sibi
1011 2688 1089 2786 ipsi-
1105 2687 1206 2760 relin-

95 2801 224 2898 quitur,
245 2801 337 2874 nulla
362 2819 501 2902 paterna
525 2805 719 2877 auctoritato
741 2804 900 2891 suffulta,
920 2803 1204 2903 quemadmodum

97 2914 274 2990 frondosae
289 2917 388 3004 uites,
398 2916 502 2991 nullo
518 2918 752 2991 sustentaculo
770 2918 944 3004 suffultae,
966 2943 1070 3015 super
1086 2933 1207 2990 terram

96 3044 250 3128 reptant,
282 3031 329 3104 ita
361 3031 472 3130 proles
499 3033 564 3132 ipsi
590 3033 656 3105 sibi
683 3032 799 3104 relicta
829 3033 915 3104 iacet
937 3030 1203 3130 quodammodo,

95 3169 133 3216 ac
152 3143 252 3243 primi
270 3145 396 3243 praeda
418 3145 497 3232 erit,
510 3162 555 3218 ut
571 3146 618 3218 ita
635 3146 762 3232 dicam,
786 3145 995 3243 occupantis.
1016 3145 1207 3241 Numquam

96 3260 185 3330 enim
204 3259 328 3333 desunt
345 3262 405 3360 qui
423 3278 593 3360 tamquam
611 3286 760 3359 aucupes
777 3285 817 3332 ac
834 3260 933 3357 periti
954 3264 1129 3331 venatores
1145 3259 1208 3332 cir-

94 3383 262 3460 cumeant,
283 3389 322 3446 ut
344 3374 396 3447 sio'
418 3374 611 3473 deperditos
637 3374 743 3459 filios,
766 3390 825 3446 aut
850 3373 939 3445 filias
965 3373 1032 3445 sibi
1057 3372 1208 3446 alliciant

94 3487 195 3561 malis
220 3486 369 3575 artibus,
390 3489 501 3589 iisque
517 3505 688 3587 tamquam
704 3489 862 3561 vitiorum
879 3487 1010 3560 idoneis
1028 3487 1209 3564 istruman-

94 3602 136 3699 tis
150 3603 309 3701 pessime
329 3603 520 3677 abutantur.
533 3603 631 3690 Quod
649 3604 679 3676 si
692 3618 787 3702 pater
803 3629 888 3676 onus
905 3602 1063 3676 babuerit
1080 3603 1207 3676 sobolis

94 3716 294 3803 universae,
327 3718 472 3814 negotiis
492 3717 676 3819 distractus
692 3732 731 3790 ut
747 3716 928 3815 plurimum
954 3743 1058 3815 quum
1076 3716 1140 3800 sit,
1168 3741 1208 3789 ac

94 3829 192 3905 domi:
210 3831 393 3905 consistere
421 3846 585 3930 nequeat,
605 3847 665 3904 aut
688 3830 832 3916 nullam,
862 3844 921 3903 aut
944 3831 1098 3926 exiguam
1116 3838 1207 3926 'ope-
1271 3871 1276 3891 ι

95 3956 163 4017 ram
189 3945 284 4018 dabit
304 3945 410 4044 prolis'
436 3946 655 4033 institutioni,
677 3947 707 4020 si
724 3972 803 4019 vero
827 3972 901 4020 cam
926 3944 1112 4018 committat
1128 3968 1207 4017 con·

94 4058 205 4132 ductis
236 4062 451 4136 mercenariis
481 4063 634 4134 eiusdem
659 4088 699 4134 ac
723 4063 799 4161 ipse
824 4058 1020 4159 probitatis,
1041 4083 1096 4130 res
1120 4074 1208 4130 certe

95 4200 159 4248 non
187 4175 309 4250 melius
334 4176 445 4263 cedet3
474 4177 579 4250 multo
604 4191 714 4250 autem
744 4177 858 4248 minus
883 4175 913 4247 si
938 4172 1039 4245 aliam
1066 4170 1210 4270 proleta-

98 4290 178 4363 riam
194 4292 297 4366 ducat
315 4319 469 4377 uxorem,
491 4318 578 4394 quac
595 4308 708 4389 utpote
729 4291 904 4391 privigna,
926 4285 1064 4360 alterius
1083 4302 1117 4358 et
1133 4286 1209 4388 qui-
