2872 5062
235 359 303 430 332
436 381 497 432 un.
518 380 541 429 ι.
564 378 649 429 secr.
671 378 800 427 rursm.
823 376 863 426 ne
880 378 1010 428 aurun.
1039 379 1144 430 eruar.

306 500 385 570 llem
411 498 457 571 ita
491 496 673 569 identidem
709 496 902 591 contingere
934 497 1049 595 eequis
1079 498 1241 594 ignorat?
1270 500 1342 573 Hac

231 615 278 687 de
302 639 406 687 causa
430 614 621 686 institemut
645 612 834 711 principum
860 628 1008 685 oratores
1034 612 1122 712 apud
1149 630 1262 711 patres
1287 618 1345 688 tri·

233 729 407 816 dentiuos,
435 745 473 801 ut
499 728 565 826 ipsi
590 726 714 800 vellent
740 727 1013 826 impedimentum
1039 728 1203 802 dirimens
1224 733 1346 804 eonsti-

234 861 325 918 tuere
350 844 393 916 ad
417 841 694 942 compescendam
718 843 883 916 eiusmodi
909 843 1053 916 liliorum
1079 844 1225 918 familias
1251 847 1345 920 insa-

235 960 326 1033 niam
363 961 451 1055 (22).
490 959 601 1045 Quum
637 985 716 1032 vero
752 959 851 1030 iustis
887 958 1114 1058 gravibusque
1150 958 1194 1032 de
1231 963 1346 1034 causis

235 1075 402 1148 noluerint
426 1072 582 1176 precibus
612 1074 827 1172 acquiescere
852 1071 943 1144 illius
969 1073 1103 1146 concilii
1135 1090 1278 1172 patres,
1311 1077 1347 1148 in

229 1188 439 1288 quibusdam
469 1189 580 1285 regnis
618 1187 737 1261 saltem
765 1185 975 1287 promulgata
1008 1203 1060 1260 est
1086 1188 1160 1276 lex,
1188 1216 1259 1287 qua
1284 1190 1345 1262 lilii

234 1302 399 1388 familias,
421 1302 480 1403 qui
497 1302 718 1388 inconsultis,
738 1301 1020 1400 obstantibusque
1041 1301 1259 1399 parentibus,
1280 1330 1347 1376 ma-

236 1418 430 1492 trimonium
447 1416 671 1504 celebrarent,
692 1416 905 1491 declarantur
921 1416 1079 1491 civilibus
1097 1417 1229 1490 iuribus
1243 1420 1347 1491 omni-

235 1532 300 1606 bus
325 1549 394 1605 tum
419 1531 531 1631 quoad
561 1531 836 1618 successionem,
865 1546 934 1603 tum
961 1531 1071 1630 quoad
1106 1532 1348 1607 haereditatem

232 1648 406 1736 destituti,
434 1647 582 1747 aliisque
607 1647 726 1745 poenis
752 1645 888 1719 obnoxii
915 1646 993 1720 lacti
1020 1662 1111 1721 suut.

308 1765 379 1863 Age
404 1791 493 1837 nunc
516 1763 625 1860 legem
643 1790 664 1836 a
680 1761 817 1861 politico
843 1763 1006 1858 regimine
1030 1763 1257 1863 promulgari,
1280 1791 1347 1863 qua

235 1878 391 1975 coniugia
415 1905 505 1951 mere
530 1877 644 1953 civilia
669 1877 889 1964 sanciantur,
915 1876 1007 1951 illico
1033 1903 1100 1952 non
1126 1878 1244 1976 pauci,
1272 1905 1348 1952 cum

237 1995 413 2070 stultorum
439 1992 592 2066 infinitus
610 1993 656 2067 sit
670 2018 847 2079 numerus,
875 2019 911 2065 se
937 1993 1139 2092 praecipites
1158 1993 1289 2067 dabunt
1306 1995 1348 2066 ad

239 2109 407 2184 eiusmodi
432 2109 567 2207 nuptias
594 2109 759 2181 ineundas
776 2107 902 2204 ingenti
920 2124 1096 2207 parentum
1114 2109 1349 2185 afflictioneet

237 2223 417 2298 moestitia.
445 2222 617 2319 Coguntur
649 2222 871 2297 nihilominus
904 2223 1071 2294 innumeri
1097 2223 1187 2296 cives
1213 2224 1349 2324 iniquae

235 2339 305 2438 legi
327 2338 377 2411 illi
400 2365 438 2412 se
457 2337 644 2424 subiicere,
668 2364 757 2438 quae
776 2339 926 2437 ipsorum
944 2338 1132 2412 cervicibus
1149 2339 1347 2439 imponitur,

237 2456 328 2557 quod
355 2480 452 2528 nemo
479 2454 651 2552 negaverit
674 2455 886 2554 tyrannidem
912 2480 1055 2554 sapere,
1084 2455 1187 2529 immo
1213 2472 1349 2532 verost

238 2596 315 2645 esse
340 2596 443 2670 quam
468 2571 650 2643 maximam
663 2571 751 2666 (23).

311 2685 348 2757 vi
367 2702 539 2785 praeterea
555 2686 706 2759 eiusdem
722 2685 807 2782 legis
828 2703 1024 2784 cogerentur
1041 2687 1160 2762 fideles
1177 2704 1348 2790 tamquam

238 2800 406 2899 legitimos
433 2800 521 2875 lilios
548 2800 623 2874 illos
648 2800 844 2891 admittere,
871 2828 957 2901 quos
983 2803 1123 2902 religio,
1153 2830 1215 2878 seu
1240 2806 1351 2880 catho

313 2989 364 3054 (υ)
379 2989 418 3039 cl.
431 2987 504 3040 card.
516 2988 659 3040 pallavicini
679 2988 846 3040 Dell’lstoria
865 2988 910 3039 del
926 2989 1035 3040 concilio
1056 2989 1086 3040 ds
1106 2992 1201 3042 trente
1215 2991 1260 3042 lib.
1274 2995 1349 3044 xxii.

238 3083 293 3134 cap.
306 3073 338 3121 ll.
349 3084 374 3120 n.
387 3077 424 3122 is.
435 3070 478 3120 ubi
490 3071 589 3134 legitur:
604 3089 617 3113 a
625 3069 667 3119 Gli
676 3069 854 3120 ambasciadori
869 3070 974 3121 trancesi
982 3071 1022 3121 nel
1032 3071 1117 3134 giorno
1128 3072 1352 3136 rentesimoquarto

239 3150 267 3201 di
275 3151 362 3215 Lugllo
378 3151 459 3202 iecere
472 3163 522 3200 una
531 3151 631 3200 solenne
644 3149 759 3200 richiesta
767 3149 791 3199 ul
801 3151 907 3202 concilio
918 3164 962 3214 per
974 3152 1041 3214 parte
1049 3150 1089 3201 del
1100 3152 1352 3205 ra...s'anuullasscro

238 3232 248 3280 i
264 3231 392 3295 maritaggi
406 3231 522 3282 contratti
537 3230 577 3280 da'
587 3217 691 3294 figliuili
704 3229 730 3279 di
747 3230 855 3294 lamiglia
865 3244 936 3281 senza
949 3231 967 3280 il
983 3231 1178 3282 consentimento
1189 3231 1228 3282 de'
1238 3233 1351 3297 genitori,

239 3323 310 3362 come
319 3325 363 3375 per
373 3312 450 3375 lapid
460 3309 818 3362 edannosiedisconreuevoli
828 3311 877 3360 alle
887 3311 1009 3374 tamiglie,
1020 3325 1035 3362 e
1046 3311 1149 3362 materia
1157 3311 1242 3364 d’odio
1253 3314 1352 3365 annena

240 3392 268 3442 (Ιί
285 3405 368 3442 amore
387 3393 590 3443 amicorum.»

314 3470 365 3534 (23)
375 3469 448 3529 Quod
458 3472 480 3522 si
490 3484 506 3522 a
516 3471 633 3535 regimine
644 3471 745 3534 politico
754 3472 877 3522 sanciente
886 3472 1028 3537 coniugium
1038 3487 1104 3524 mere
1113 3473 1246 3536 civile,lex
1254 3486 1353 3538 quoqne

237 3549 373 3602 sanciretur
381 3548 414 3600 de
421 3550 535 3600 nullitate
544 3550 723 3614 coniugiorum,
734 3563 798 3614 qnae
807 3563 822 3600 a
832 3550 890 3601 liliis
899 3551 1006 3601 familias
1014 3551 1099 3602 invitis
1111 3553 1256 3616 parentium
1263 3553 1352 3604 iniren-

240 3632 295 3693 tnr,
307 3642 357 3681 non
372 3629 429 3680 ideo
446 3628 530 3680 omnia
546 3629 695 3680 evitarentur
714 3629 886 3692 incommoda;
904 3630 1028 3693 siquidem
1043 3630 1160 3682 facillime
1175 3631 1300 3683 einsmdi
1315 3632 1354 3683 lex

240 3709 308 3762 eludi
324 3711 419 3775 posset,
430 3708 573 3773 praesertim
584 3709 605 3760 si
615 3709 776 3760 reclamarent
785 3723 835 3760 non
845 3710 893 3759 alia
905 3709 936 3760 de
945 3723 1020 3760 musa
1027 3710 1088 3775 ipsis
1097 3712 1212 3774 parenms
1220 3711 1352 3772 amntem,

239 3804 315 3854 qnam
324 3789 392 3855 qnod
403 3788 473 3841 iuxta
483 3790 560 3853 legem
569 3790 708 3853 coniugium
720 3789 842 3840 celebrare
850 3790 951 3840 vellent.

314 3873 364 3922 Nec
375 3870 457 3922 obstat
467 3869 541 3921 etiam
550 3869 635 3920 invitis
650 3869 793 3934 parentibus
801 3883 873 3933 posse
881 3871 946 3922 tilios
955 3871 1060 3923 familias
1071 3870 1135 3922 inire
1143 3872 1245 3935 nuptias
1254 3871 1287 3923 ad
1298 3886 1352 3923 aor-

238 3964 305 4002 mam
316 3951 414 4002 concilii
421 3950 556 4004 tridentini.
568 3952 630 4000 Nam
642 3962 681 4000 res
689 3950 768 4000 multo
779 3949 904 4000 difficilior
915 3951 1017 4014 accidit,
1032 3952 1057 4001 et
1070 3952 1114 4014 qui
1126 3963 1169 4001 eos
1178 3951 1215 4001 ita
1224 3953 1353 4016 coniunge·

237 4034 293 4082 rent
298 4031 399 4082 minime
404 4030 550 4094 invenirent,
557 4029 579 4081 si
586 4043 670 4080 casum
677 4029 794 4094 excipias,
801 4044 852 4094 quo
859 4029 905 4094 ipsi
912 4043 996 4080 coram
1002 4031 1109 4094 parocho
1116 4030 1254 4081 reluctante
1259 4043 1355 4081 consen

242 4125 299 4162 snm
310 4125 341 4162 ex
355 4111 506 4174 improvviso
515 4109 644 4172 elicerent,
654 4109 847 4173 ettunepoenas
855 4109 1013 4173 gravissimas
1029 4109 1165 4161 certissinm
1181 4108 1352 4172 iucnrreeut3

240 4193 284 4256 qni
292 4205 351 4243 vero
360 4205 443 4242 coram
452 4190 595 4255 magistratu
605 4189 712 4241 civiliter
722 4188 849 4252 nuberent,
857 4189 885 4240 ld
894 4191 1045 4254 praestarent
1054 4189 1087 4240 ad
1095 4189 1156 4252 legis
1166 4189 1352 4254 praescriptum.

239 4274 304 4322 sane
312 4272 462 4336 experientia
471 4270 579 4322 ostendit
587 4269 685 4321 nonniu
696 4268 821 4321 rarissime
832 4269 859 4321 id
868 4269 1022 4332 contingere;
1034 4269 1122 4320 contra
1131 4282 1191 4320 vero
1198 4268 1354 4320 matrimonia

240 4352 324 4403 civilia
333 4353 424 4416 passim
432 4352 543 4404 obtinent
554 4351 605 4402 illis
614 4351 640 4402 in
651 4350 798 4414 regionibm,
807 4349 985 4414 inquibuslea,
992 4348 1078 4412 deqna
1087 4348 1240 4413 disserimus,
1249 4348 1351 4400 obdas.
