2872 5062
193 385 261 436 cir.
277 386 310 435 v.
326 384 367 434 uu
384 383 502 436 uiuus.
519 379 674 434 conrmu.
695 383 824 437 aaran.
840 382 913 432 nuo.
930 381 1105 434 rnmrrrou.
1159 359 1228 435 tte

165 503 358 580 ·Omnihus
385 503 498 602 itaque
530 503 706 601 perpensis
739 501 947 600 antiquitatis
982 502 1230 578 ecclesiasticae

118 619 345 707 documentis,
373 618 503 718 liquido
529 633 678 706 constat,
708 616 798 718 quod
824 617 1080 716 proposuimus,
1110 645 1231 720 nempe

119 752 252 836 patres,
276 735 436 821 concilia,
461 733 660 832 euchologia
678 750 711 807 et
731 732 864 807 ritualia
889 733 923 805 in
950 733 985 805 id
1010 734 1227 833 conspirare,

118 852 278 927 utss'nohis
306 850 486 927 exhibeant
513 851 609 949 ipsos
635 878 778 952 sponsos
804 867 1017 951 peractum,
1042 868 1230 950 qnosuum

117 970 308 1070 exprimunt
331 994 545 1056 consensum,
565 967 726 1066 perficere
742 983 999 1041 sacramentum.
1024 967 1233 1042 Benedictio-

117 1111 193 1157 nem
209 1095 301 1171 vero,
325 1110 427 1183 quam
445 1083 521 1181 ipse
540 1082 624 1156 haec
642 1083 842 1157 documenta
854 1082 1107 1171 commendant,
1128 1109 1231 1183 quam

117 1200 208 1298 peti,
232 1225 334 1297 quam
350 1199 480 1298 quaeri,
496 1216 530 1274 et
542 1211 563 1273 a
576 1199 749 1273 sacerdote
759 1200 864 1298 recipi
878 1199 1059 1287 inculcant,
1075 1224 1142 1272 non
1155 1214 1231 1272 esse

118 1313 184 1389 nisi
209 1315 507 1388 solemnizatioaem
530 1317 750 1401 matrimonii,
775 1330 813 1388 ut
833 1314 980 1415 loquitur
1005 1315 1168 1389 Martinus
1187 1315 1228 1386 V.

117 1429 154 1500 in
177 1430 330 1504 concilio·
347 1431 607 1519 constantiensi,
636 1446 695 1504 aut
723 1431 968 1517 conditionem,
1002 1457 1070 1530 qua
1093 1431 1232 1530 nuptiae

116 1545 322 1619 christianae
347 1546 409 1619 rite
433 1572 473 1620 ac
498 1546 646 1643 legitime
671 1547 763 1619 fiant.
788 1544 880 1619 Nihil
906 1548 1007 1644 igitur
1026 1546 1230 1647 exploratum

114 1661 224 1758 magis
244 1675 277 1738 ct
293 1677 444 1759 apertum
462 1687 503 1734 ex
520 1687 624 1737 sensu
643 1676 677 1735 et
698 1662 819 1759 agendi
839 1663 966 1735 ratione
985 1660 1149 1736 ecclesiae
1165 1660 1232 1735 hac

116 1776 150 1849 in
175 1803 214 1851 re
238 1777 468 1878 quaerendum
493 1803 568 1850 esse
591 1776 734 1850 videtur.
1166 1792 1169 1796 '

187 1893 224 1966 Si
245 1920 315 1992 qua
336 1893 477 1992 proinde
498 1909 675 1967 occurrant
694 1893 905 1982 documenta,
921 1895 957 1965 in
976 1892 1101 1992 quibus
1128 1892 1232 1966 inter·

118 2008 196 2080 dum
212 2008 358 2088 ¹dicitur¹
370 2008 575 2083 sacerdotem
596 2009 832 2082 administrare
852 2009 1102 2082 matrimonium
1119 2023 1156 2082 ut
1176 2034 1232 2083 sa·

116 2139 286 2205 cramenta
306 2123 453 2225 reliqua,
474 2142 562 2223 quae
582 2124 788 2198 sacerdotem
808 2140 928 2197 vocant
946 2124 1138 2197 ministrum
1159 2149 1232 2197 ma-

119 2240 283 2337 trimonii,
298 2239 384 2314 haec
401 2240 468 2314 lato
485 2257 586 2339 atque
602 2241 786 2339 improprio
804 2265 907 2312 sensu
920 2239 1118 2338 accipienda
1135 2249 1228 2312 suntss

115 2353 209 2429 Talia
229 2354 360 2428 censeri
386 2353 526 2442 dehent,
555 2380 643 2454 quae
668 2353 855 2450 allegantur
879 2379 920 2426 ex
944 2353 1114 2426 Clemente
1137 2352 1227 2424 illl.-

116 2469 195 2542 dum
221 2469 404 2545 carmelitis
430 2470 629 2544 excalceatis
655 2469 868 2569 privilegium
890 2469 1027 2556 confert,
1049 2467 1129 2541 dum
1151 2468 1232 2543 mis·

115 2585 230 2660 siones
247 2601 360 2683 ‘agunt
378 2586 468 2685 apud
495 2603 624 2660 exteras
647 2587 801 2684 regiones
820 2616 836 2654 «
851 2611 891 2658 ac
912 2585 947 2656 in
968 2584 1036 2659 illis
1058 2583 1228 2684 partibus,

116 2699 176 2771 uhi
202 2700 341 2800 parochi
368 2728 435 2775 non
461 2701 603 2790 luerint,
632 2701 810 2801 baptismi,
839 2700 1083 2788 eucharistiae,
1113 2699 1231 2799 poeni-

114 2816 256 2903 tentiae,
271 2819 485 2902 matrimonii,
498 2834 663 2892 extremae
679 2819 870 2906 unctionis,
892 2832 1122 2903 sacramenta,
1143 2841 1231 2918 quae

113 2928 265 3031 alioquin
285 2931 424 3031 parochi
444 2935 631 3006 ministrare
651 2935 753 3006 soleat
769 2949 799 3006 et
812 2949 965 3032 possunt,
981 2932 1054 3006 vice
1067 2931 1232 3030 parocho·

115 3072 190 3119 rum
212 3049 399 3129 ministrare
416 3051 529 3143 (30).»
545 3049 640 3123 Talia
655 3076 743 3150 quae
762 3049 864 3124 hahet
881 3049 1004 3122 Paulus
1017 3049 1055 3120 v.
1069 3047 1105 3119 in
1119 3046 1230 3119 rituali

114 3187 271 3236 romano:
295 3163 477 3237 «Ceterum
504 3165 636 3239 illorum
663 3181 970 3251 sacramentorum,
999 3189 1142 3262 quorum
1167 3162 1228 3236 ad-

111 3279 310 3351 ministratio
325 3280 369 3351 ad
387 3281 554 3380 parochos
572 3282 714 3381 pertinet
725 3282 838 3368 ,ritus
855 3281 920 3352 hoc
941 3307 1042 3380 opere
1061 3280 1229 3379 praescri·

112 3393 264 3483 huntur,
292 3396 481 3472 cuiusmodi
507 3414 585 3472 sunt
609 3399 820 3498 baptismus,
851 3397 1076 3498 poenitentia,
1105 3396 1232 3471 eucha-

112 3508 227 3598 osia,
255 3523 400 3586 estrema
421 3513 553 3601 unctio,
577 3530 611 3590 et
628 3515 871 3588 matrimonium
887 3513 1115 3609 (31).»ltem,
1140 3537 1228 3610 quam

111 3623 269 3723 leguntur
293 3627 330 3701 in
352 3628 465 3702 rituali
493 3629 757 3717 mediolanensi,
782 3627 873 3729 quod
902 3627 1048 3702 habetur
1069 3626 1225 3727 partclll.

110 3856 150 3905 vel
169 3855 249 3907 invite
266 3857 298 3908 ab
315 3858 375 3922 ipsis
390 3860 527 3911 contrariae
544 3861 678 3912 sententiaa
692 3863 801 3925 patronis
817 3863 915 3913 admitti
924 3861 1012 3924 debet,
1023 3861 1083 3926 quin
1093 3860 1171 3910 velint
1181 3857 1229 3909 sibi

110 3936 204 4000 eripere
214 3936 336 4001 potiorem
344 3939 408 4001 hanc
418 3940 596 4004 probationem,
607 3942 648 3991 cni
658 3942 763 3992 maxime
773 3942 973 3993 insistunttdde
980 3941 1049 3992 illam
1059 3939 1180 4005 privatam
1190 3937 1232 3990 be

111 4015 277 4068 sedictionem
291 4018 322 4068 de
333 4032 383 4083 qua
394 4021 542 4072 mentionem
557 4021 642 4072 iniecit
656 4023 791 4073 Mortenius
806 4022 854 4072 loc.
865 4022 907 4073 cit.
919 4035 964 4073 uec
974 4033 1069 4084 semper
1079 4032 1125 4070 nec
1136 4016 1229 4081 ubique

111 4097 233 4161 viginem,
243 4100 387 4162 pracsertim
397 4101 463 4166 apud
473 4102 617 4165 orientales,
628 4103 739 4167 alioquin
747 4102 914 4155 chandotius
922 4116 971 4152 uon
983 4101 1106 4152 omisisset
1116 4098 1148 4150 ad
1160 4097 1229 4150 illam

111 4177 242 4240 corrogare
255 4180 285 4228 ut
295 4192 365 4230 coam
375 4181 520 4232 mutantiam
532 4184 649 4234 trreretor.

182 4256 234 4320 (³⁰)
249 4259 323 4322 Apud
333 4259 452 4313 Thomam
462 4276 478 4316 a
489 4266 543 4314 lesu
556 4277 612 4328 pag.
622 4268 677 4316 844.
689 4276 719 4314 ac
730 4265 800 4326 urget
811 4265 896 4315 Blasco
907 4276 950 4326 op.
960 4263 985 4312 et
999 4262 1046 4310 loc.
1059 4260 1102 4310 cit.

181 4336 234 4402 (at)
252 4340 282 4390 ln
296 4340 402 4402 praelat.
