2872 5062
303 370 629 420 meraritarum.
651 369 762 420 errius
787 366 928 417 urrunsa
942 367 1013 416 aar.
1036 368 1083 417 rn.
1199 344 1272 415 aas

157 492 196 562 lit
217 505 254 563 ut
278 491 365 562 inter
389 488 591 563 christianos
617 487 808 584 contingere
829 485 938 584 possit
954 484 1026 556 dari
1045 484 1270 584 polygamiam

154 605 195 676 dc
221 606 320 703 sacto,
350 628 533 702 numquam
558 628 636 676 vero
661 601 700 673 de
725 604 808 674 iure.

231 718 362 806 Quibus
388 719 434 791 ita
459 718 679 816 compositis,
716 717 907 813 coniugium
932 716 1030 789 civile
1059 715 1283 816 polygamiae-

156 835 321 908 materiali
339 860 379 907 ac
399 834 498 931 legali
524 834 634 907 lavere
659 850 736 932 post
752 859 804 920 ea,
826 859 914 931 quae
940 832 1110 931 superiori
1130 833 1274 910 articulo,

156 951 304 1023 diximus
325 951 368 1022 de
392 949 558 1036 divortiis,
580 975 633 1022 res
652 975 712 1047 per
729 975 766 1020 se
783 949 868 1022 adeo
893 947 1078 1046 perspicua
1090 963 1153 1033 est,
1174 964 1273 1023 utne

156 1065 439 1139 demonstratione
464 1065 601 1164 quidem
626 1065 775 1160 indigere
798 1064 970 1139 uideatur.¹
984 1065 1032 1135 Ne
1054 1063 1142 1161 quis.
1158 1078 1269 1135 tamen

157 1182 289 1255 muneri
303 1197 417 1255 nostro
430 1180 676 1281 quodammodo
693 1206 755 1252 nos
773 1178 922 1252 defuisse
939 1193 1149 1265 succenseat,
1170 1193 1270 1277 atque

156 1297 247 1370 utin
264 1296 439 1397 propatulo
464 1297 670 1395 impietatem
696 1295 1006 1369 collocemus'illius
1024 1293 1128 1391 legis,
1148 1311 1221 1392 qua
1234 1294 1268 1365 in

157 1413 293 1510 regione
310 1413 494 1499 catholica,
524 1429 625 1512 atque
641 1413 727 1486 inter
743 1412 946 1498 catholicoe,
967 1426 1001 1484 et
1017 1410 1060 1483 ab
1078 1410 1134 1497 iis,
1156 1410 1214 1509 qui
1232 1437 1271 1484 se

157 1527 339 1600 catholicos
366 1527 573 1626 profitentur,
595 1527 692 1601 civile
709 1526 900 1622 coniugium
927 1525 1129 1611 sanciretur,
1158 1539 1270 1597 osten-

156 1643 276 1716 demus
294 1644 366 1717 sive
382 1643 561 1716 theoretice
586 1644 657 1718 sive
683 1644 828 1743 practice
854 1641 1077 1742 polygamiam
1104 1641 1275 1739 profluere

156 1787 197 1834 ex
220 1760 296 1861 ipsa
320 1760 479 1834 connubii
506 1759 624 1833 civilis.
643 1760 848 1833 conditione,

228 1874 272 1948 At
293 1874 401 1974 primo
418 1875 452 1946 in
471 1891 621 1950 mentem
641 1876 866 1950 revocandum
882 1889 953 1962 cst,
974 1901 1014 1947 ex
1031 1874 1134 1948 dictis
1150 1874 1278 1951 bedas

157 1989 307 2089 nuptiale
331 1991 367 2062 in
398 1973 612 2088 regionibus,
640 1991 675 2061 in
700 1990 825 2090 quibus
850 1990 1019 2065 decretum
1053 1989 1271 2066 tridentinum

156 2105 404 2204 promulgatum
421 2121 488 2194 est,
505 2122 605 2179 extra>
621 2106 760 2178 formam
786 2105 905 2178 initum
923 2104 1101 2179 abeodem
1126 2104 1271 2178 concilio
1340 2146 1343 2151 ·

157 2221 419 2321 praescriptam,
448 2219 577 2293 nullum
594 2246 634 2294 ac
650 2220 780 2293 irritum
805 2245 901 2306 esse,
929 2245 1008 2296 non
1021 2219 1203 2293 modosub
1222 2245 1272 2292 ra·

158 2336 249 2409 tione
266 2335 479 2423 sacramenti,
495 2335 725 2408 verumetiam
743 2333 807 2407 sub
820 2334 948 2409 ratione
962 2335 1043 2408 meri
1062 2349 1266 2409 contractus<

158 2451 231 2523 Non
244 2464 299 2523 est
309 2466 485 2549 propterea
502 2450 569 2523 nisi
587 2448 762 2523 conventio
774 2449 838 2522 viri
852 2475 890 2523 ac
903 2450 1056 2524 mulieris
1073 2450 1279 2548 degendiin.

159 2579 249 2638 statu
269 2564 451 2640 lomioario
464 2591 525 2638 seu
549 2565 584 2637 in
607 2565 839 2641 concubinatu
853 2565 973 2664 legali;
996 2566 1060 2640 sub
1080 2566 1145 2640 hoc
1160 2576 1279 2641 autem,

92 2774 95 2782 Ι
158 2694 314 2779 respectu
327 2679 356 2752 si
370 2680 457 2780 quis·
464 2695 541 2778 post
557 2679 672 2755 civiles
683 2681 921 2781 nuptiasvere
938 2681 981 2754 ad
999 2679 1279 2758 normamocelo*

161 2792 295 2866 siastioi·
311 2792 510 2868 iurisalteri'
526 2793 663 2868 cuidam
676 2796 765 2870 sein
783 2794 938 2892 coniugio
958 2794 1192 2894 copularet,.is
1206 2820 1300 2872 non,

160 2906 247 2979 soret
258 2906 469 3008 polygamiae
481 2934 576 2995 roua,
588 2925 703 3008 utpote
715 2910 878 2984 hactenus
893 2908 1022 2984 solutus
1036 2908 1078 2981 ab
1091 2907 1185 2982 muni·
1194 2923 1280 2982 con—

160 3021 266 3120 iugali
278 3023 501 3098 uinculobei
511 3025 647 3124 quidem
659 3025 770 3099 ciuilis
783 3024 1183 3125 tamquampolygamum
1196 3048 1281 3095 eum,

158 3137 378 3239 haberet,qui
391 3139 483 3213 civili
494 3141 995 3226 matrimoniouniconiuactus,
1005 3163 1117 3213 coram
1129 3136 1277 3213 ecclesia

159 3252 254 3327 altari
273 3253 432 3341 nuberet3
453 3271 487 3328 at
504 3281 619 3328 revera
636 3255 829 3355 polygamia
846 3253 923 3328 heic
940 3252 1034 3326 nulla
1051 3268 1159 3327 osteo
1167 3252 1279 3353 ipso,

159 3366 252 3465 quod
269 3367 399 3440 nullum
413 3368 459 3440 sit
471 3368 569 3442 civile
586 3369 792 3465 coniugium.
807 3369 879 3442 Hoc
892 3367 1028 3467 quidem
1043 3393 1086 3441 err
1096 3366 1280 3466 principiis,-

158 3480 349 3559 catholicis.
365 3483 407 3554 At
418 3482 521 3569 modo
537 3510 577 3557 cx
595 3482 863 3579 adversariorum
881 3480 1064 3580 principiis
1075 3496 1277 3578 arguamus..

231 3596 290 3673 Ex,
311 3613 528 3697 praepostero
550 3597 690 3673 illorum
707 3597 888 3697 principio,
916 3596 1007 3695 quod
1032 3595 1076 3668 ad
1091 3595 1199 3680 civile
1222 3621 1279 3670 re*

157 3711 276 3810 gimen
285 3729 413 3812 spectet
424 3713 637 3788 matrimonia
648 3713 798 3810 iungere,
814 3729 916 3812 atque
927 3711 1090 3786 ecclesiae
1102 3737 1169 3786 non
1182 3710 1275 3806 aliud

158 3828 213 3901 ius
238 3828 416 3902 conueniat
433 3855 535 3928 quam
552 3829 753 3907 sacramenti
772 3828 940 3907 sanctitati
968 3828 1173 3926 prospicere,
1194 3851 1276 3899 oon-

158 3941 409 4040 iugiumeirilo
425 3958 477 4018 est
492 3959 620 4039 verost
635 3943 770 4043 proprie
787 3957 976 4018 contractus
1002 3941 1271 4021 matrimonialis.

159 4056 236 4133 Hac
256 4058 300 4131 de
324 4073 428 4134 causa
453 4059 600 4133 lautores
614 4058 715 4156 'legis
727 4058 771 4133 de
787 4057 955 4156 coniugiis
979 4055 1136 4129 civilibus
1154 4056 1188 4128 in
1212 4080 1280 4133 nos·

160 4173 428 4261 excandescunt,
452 4198 492 4247 eo
516 4174 606 4273 quod
631 4173 785 4250 dicamus
811 4173 928 4247 civiles
953 4171 1088 4270 nuptias
1107 4196 1172 4246 non
1198 4196 1275 4252 essa

162 4287 225 4363 nisi
250 4288 394 4391 legalem
419 4289 689 4365 concubinatum.

1197 4438 1230 4488 15
