2872 5062
156 340 224 420 178
348 372 408 421 un
431 371 454 419 ι.
476 364 561 419 saer.
584 370 606 416 1.
629 370 668 417 na
695 367 825 418 narnis.
848 366 1064 418 sicarnauro.

228 489 361 562 Scilicet
395 488 507 561 fatalis
541 488 624 560 haec
651 485 844 573 distinctio,
873 511 941 585 qua
967 502 1140 585 tantopere
1172 485 1272 561 abusi

157 619 236 677 sunt
252 619 417 705 quotquot
436 602 688 676 ecclesiasticae
700 600 854 699 potestati
868 599 993 674 hellum
1014 600 1212 689 intulerunt,
1233 628 1281 675 ea.

156 735 226 807 est,
254 746 342 821 quae
366 747 460 794 arma
485 718 642 818 praebuit
664 716 877 791 validissima
894 717 936 789 ad
954 717 1139 791 doctrinam
1162 717 1274 792 catho-

157 834 256 906 licam
274 832 551 908 labefactandam.
569 832 618 904 Ea
631 831 777 930 denique
795 847 857 918 cst,
874 857 975 930 quam
994 831 1049 905 his
1068 832 1136 905 lere
1152 832 1277 906 diebus

158 950 374 1023 exsuscitavit
391 951 426 1034 in
442 949 598 1022 eumdem
616 947 717 1019 finem
736 947 847 1043 regius
872 948 1076 1020 taurinensis
1102 948 1282 1047 professor·

158 1066 205 1136 lo.
228 1064 482 1162 Nepomucenus
504 1063 630 1161 Nuytz,
659 1061 756 1133 ouius
781 1085 884 1159 opera
909 1061 1110 1159 proscripsit
1133 1061 1277 1140 damna-

158 1181 273 1277 ritque
299 1172 448 1277 pontifex
474 1177 555 1250 Pius
582 1178 637 1248 lll.

165 1332 169 1337 -
232 1295 280 1366 Ne
306 1287 408 1390 igitur
435 1292 581 1366 exitialis
611 1291 776 1366 eiusmodi
803 1292 955 1364 doctrina
980 1291 1094 1391 plures
1119 1291 1274 1380 inliciat,

161 1402 465 1508 praecidanturque
482 1434 550 1481 uno
568 1409 635 1481 ictu
653 1407 842 1495 corollaria,
854 1433 943 1506 quae
955 1407 1205 1481 ecclesiasticae
1217 1432 1279 1508 po-

162 1516 290 1596 testatis
308 1548 348 1595 ac
366 1523 458 1595 sedis
477 1522 682 1622 apostolicae
699 1547 814 1595 osores
840 1521 1040 1609 intulerunt,
1060 1546 1135 1594 eam
1152 1520 1279 1594 adoriri

162 1632 268 1736 atque¹
278 1652 428 1710 evertere
446 1637 707 1736 assumpsimus,
725 1634 934 1710 ostendendo
947 1663 1048 1736 quam
1064 1636 1151 1709 falsa
1163 1636 1208 1709 sit
1220 1635 1280 1707 illa

163 1751 336 1824 distinctio
370 1751 457 1824 inter
488 1747 695 1824 contractum
721 1767 754 1824 et
778 1747 1035 1824 sacramentum.
1050 1751 1085 1823 in
1105 1750 1280 1848 coniugiis

163 1865 372 1939 christianis.
391 1866 497 1965 ldque
510 1867 698 1940 efficiemus
716 1883 785 1940 tum
805 1867 881 1966 ipsa
902 1867 1055 1966 inspecta
1072 1867 1121 1938 rei
1140 1881 1282 1952 natura,.

165 1999 234 2053 tum
260 1995 409 2080 spectato
434 1981 644 2080 antiquitatis
662 2006 787 2068 sensu,
808 1997 879 2053 tum
896 1980 1042 2081 denique
1057 2005 1207 2079 expensa
1224 2004 1283 2052 ec-

164 2093 289 2169 clesiae
313 2079 506 2169 catholicae
523 2095 690 2168 sentiendi
717 2093 907 2195 agendique
933 2098 1072 2169 ratione.

207 2290 213 2305 „
239 2211 286 2282 hc
300 2211 409 2309 primo
423 2207 574 2310 inspecta
588 2212 635 2282 rei
651 2226 784 2298 natura3
796 2211 1075 2310 quandoquidem
1089 2236 1130 2283 ex
1142 2209 1283 2284 demon-

168 2325 280 2399 stratis
295 2326 330 2397 in
344 2327 517 2424 superiore
530 2327 726 2400 tractatione
735 2327 777 2400 de
786 2327 986 2400 sacramenti
1001 2326 1205 2400 matrimonii
1218 2327 1284 2398 mi-

168 2442 292 2527 nistro,
309 2442 339 2514 is
354 2464 420 2514 non
438 2441 525 2529 alius
543 2443 680 2539 agnosci
707 2459 818 2542 potest
836 2469 936 2543 quam
959 2442 1180 2530 contrahens,
1200 2441 1282 2515 dum

171 2581 269 2626 suum
283 2553 419 2654 praehet
431 2551 631 2630 eonsensum
645 2573 678 2630 et
690 2558 826 2658 quidem
838 2557 1003 2645 vicissim
1022 2557 1081 2630 sed
1095 2582 1156 2657 per
1168 2553 1285 2630 huius·
1301 2643 1303 2647 y

169 2668 261 2740 modi
283 2667 485 2742 consensum
511 2671 550 2743 fit
573 2688 640 2745 uno
665 2673 850 2773 eodemque
876 2688 951 2745 actu
977 2687 1166 2746 contractus
1184 2685 1217 2744 et
1235 2697 1285 2744 sa-

169 2798 395 2870 cramentum3
417 2808 495 2856 nam
512 2801 590 2859 tunc
615 2787 768 2862 minister
793 2789 992 2888 pronunciat
1016 2789 1156 2861 formam
1183 2811 1286 2886 super

170 2897 353 2995 legitimam
384 2899 588 2989 materiam,
624 2928 713 3002 quae
738 2904 953 2977 constituitur
977 2902 1016 2975 'ex
1042 2901 1180 2975 alterius
1205 2927 1286 2975 con-

168 3014 333 3088 trahentis
362 3039 524 3113 corpore3
554 3043 634 3114 ergo
659 3017 821 3116 distingui
849 3020 965 3118 nequit
989 3034 1160 3118 tamquam
1185 3041 1240 3091 res
1264 3042 1286 3089 a

170 3153 208 3202 re
231 3146 420 3204 contractus
450 3130 534 3205 ratio
555 3158 575 3204 a
599 3134 728 3206 ratione
751 3135 964 3221 sacramenti,
985 3149 1017 3207 et
1033 3148 1205 3232 tamquam
1231 3158 1287 3204 eo·

169 3246 250 3316 vtitus
275 3241 319 3316 ab
341 3243 475 3318 actitata
501 3247 535 3318 in
561 3249 741 3322 connubiis
766 3249 975 3323 christianis.

219 3394 221 3397 ·
245 3359 413 3432 Rursum:
443 3361 478 3433 id
503 3363 541 3434 lit
565 3378 827 3452 sacramentum,
856 3364 946 3464 quod
971 3390 1012 3436 ex
1036 3363 1162 3436 Christi
1188 3362 1288 3435 insti·

58 3482 61 3485 “
169 3469 317 3561 tutione,
340 3491 373 3549 et
390 3476 614 3552 declaratione
631 3479 783 3578 Apostoli
801 3479 927 3580 Ephes.
944 3481 981 3552 V.
994 3494 1128 3552 auctum
1147 3494 1201 3551 cst
1216 3478 1289 3575 gra·

176 3588 234 3675 tia,
251 3612 290 3660 ae
303 3590 437 3686 signum
450 3592 634 3690 praesefert
647 3593 893 3667 coniunctionis
906 3593 1031 3697 Christi
1044 3593 1196 3666 eiusdem
1210 3617 1288 3666 cum

119 3775 132 3786 ,
175 3704 317 3777 ecclesia
337 3701 417 3792 sua3
445 3700 539 3806 atqui
563 3706 628 3782 hoc
655 3735 720 3782 non
746 3724 798 3782 est
822 3705 888 3782 nisi
914 3709 1203 3809 ipse‘contractus
1227 3707 1289 3782 seu

173 3821 362 3917 coniugalis
387 3822 467 3895 unio
485 3848 504 3894 a
521 3824 590 3896 Deo
613 3823 688 3922 ipso
705 3825 740 3895 in
757 3825 917 3924 paradiso
934 3824 1019 3898 inter
1035 3837 1289 3922 protoparentes

177 3934 340 4007 instituta.
357 3936 488 4020 Etenim
508 3938 624 4010 Matth.
641 3939 727 4011 xlx.
747 3942 767 4010 t
786 3966 881 4040 seqq.
904 3939 986 4011 dixit
1003 3939 1156 4012 Christus
1175 3937 1290 4038 phari·

45 4130 60 4136 Π
179 4050 285 4122 sacis:
310 4051 401 4136 «Qui
421 4052 498 4124 lecit
516 4052 686 4127 hominem
713 4054 755 4127 ab
781 4056 877 4129 initio
902 4054 1089 4129 masculum
1115 4068 1148 4126 et
1172 4050 1290 4126 foemi-

62 4233 94 4268 ·.
136 4233 137 4236 ,
180 4190 257 4236 nam
283 4165 359 4241 fecit
384 4193 461 4254 eos,
482 4184 514 4241 et
535 4168 640 4277 dixitq
672 4186 804 4272 propter
834 4170 898 4245 hoc
927 4170 1071 4243 dimittet
1100 4169 1201 4245 homo
1229 4162 1289 4266 pass

180 4294 262 4350 trem
288 4297 320 4352 et
344 4297 495 4369 matrem,
517 4299 549 4356 ct
568 4284 761 4358 adhaerebit
786 4287 879 4361 uxori
910 4312 1011 4374 suae,
1038 4303 1071 4358 et
1096 4298 1194 4359 erunt
1223 4282 1288 4359 duo
