2872 5062
203 373 271 421 cnr.
287 372 319 419 v.
336 372 374 419 un
402 370 518 419 umisa.
541 368 695 419 conrmu.
713 369 783 417 aar.
801 368 1057 419 1.t1tsiitt.1t11tt.
1136 348 1203 419 137

107 475 180 576 est,
194 499 266 560 'non
292 486 327 557 in
351 513 408 572 se,
430 511 492 559 nec
517 486 669 584 praecise
697 500 797 583 prout
820 500 872 557 est
897 484 1031 582 signum
1048 502 1081 558 et
1096 510 1209 560 mora-

107 616 272 688 mentum,
302 602 361 674 sed
394 602 428 674 in
459 626 522 673 suo
549 600 758 697 significato,
785 598 918 690 Christo
949 599 1077 674 scilicet
1100 615 1132 673 et
1156 627 1210 675 eo·

108 718 209 805 lesia;
237 743 297 790 seu
322 733 487 816 quatenus
514 716 683 813 significat
712 741 866 812 magnam
898 714 988 787 illam
1013 731 1046 787 et
1069 715 1210 788 admira·
1268 719 1273 732 '

107 833 207 908 hilem
233 833 390 907 unionem
417 831 541 905 Christi
567 847 601 904 ot
623 831 796 905 ecclesiae.
812 832 968 928 Magnum
985 846 1036 903 est
1052 856 1131 928 ergo
1148 857 1210 905 sua
1282 828 1284 832 ⁴

109 947 369 1046 significatione,
399 974 459 1021 seu
484 947 564 1047 quia
590 974 661 1019 rem·
679 973 840 1044 magnam
866 962 1104 1045 repraesentat.
1122 1004 1128 1015 .
1146 1004 1153 1016 .
1168 947 1210 1018 Ut

109 1064 192 1136 haee
208 1061 397 1137 sublimitas
414 1078 447 1135 et
463 1062 655 1159 magnitudo
673 1062 849 1136 christiani
867 1061 1067 1134 matrimonii
1084 1062 1209 1135 clarius

111 1177 334 1272 intelligatur,
356 1177 498 1276 eiusque
515 1178 691 1264 sanctitaS,
711 1176 835 1275 duplex
852 1177 959 1249 notam
976 1175 1075 1249 dehet
1086 1176 1210 1249 Christi

111 1292 190 1365 unio
215 1317 291 1364 cum
315 1292 477 1380 ecelesia,
502 1319 570 1366 una
594 1292 693 1366 realis
711 1309 743 1365 et
759 1292 901 1392 physica
917 1292 1004 1365 facta
1020 1309 1072 1366 est
1088 1318 1148 1391 per
1163 1292 1212 1363 in·

111 1407 352 1494 carnationem,
381 1433 449 1506 qua
470 1406 646 1495 Christus,
673 1434 732 1481 seu
759 1408 870 1506 potius
896 1407 1038 1480 Verbum
1059 1407 1210 1480 divinum

112 1536 263 1593 naturam
282 1521 461 1595 humanam
475 1538 507 1594 et
519 1538 761 1621 consequenter
778 1521 950 1609 homines,
971 1521 1212 1621 hominumque

110 1635 286 1709 ecclesiam
304 1635 368 1709 sihi
385 1636 494 1710 univit
510 1654 544 1710 et
560 1638 749 1734 sponsavit,
771 1652 804 1709 et
822 1636 905 1710 haec
928 1636 1009 1710 unio
1026 1651 1078 1709 est
1094 1636 1211 1710 arctis-

112 1749 217 1837 sima,
245 1749 489 1823 indissolubilis
513 1766 547 1824 et
569 1768 774 1824 caeterarum
798 1751 905 1848 origo.
921 1749 1055 1824 Moralis
1080 1764 1113 1822 et
1137 1776 1211 1848 my-

112 1865 194 1939 stica
213 1865 251 1938 fit
267 1891 328 1964 per
343 1865 483 1962 gratiam
496 1881 528 1938 et
545 1866 757 1953 charitatem,
777 1893 844 1965 qua
861 1865 1039 1965 copulatur
1051 1864 1212 1939 ecclesiae

113 2006 257 2079 sponsae
277 2006 371 2053 suae.
387 1981 568 2080 Utramque
585 1981 672 2055 hanc
689 1982 847 2055 unionem
859 1998 892 2054 et
903 1981 1079 2080 physicam
1092 1997 1125 2052 et
1141 2006 1213 2053 mo·

113 2092 213 2167 ralem
231 2093 356 2167 Christi
374 2120 450 2167 cum
467 2095 631 2182 ecclesia,
652 2111 878 2194 repraesentat
898 2095 1117 2169 christianum
1141 2121 1212 2168 ma-

113 2209 321 2297 trimonium,
350 2225 383 2282 et
408 2210 443 2281 in
467 2209 531 2284 hoc
554 2236 707 2307 mappam
723 2224 770 2281 est
786 2216 1031 2307 sacramentnm.
1052 2208 1162 2281 Realis
1179 2225 1212 2281 et

112 2324 255 2425 physica
280 2323 529 2421 coniugatorum
553 2325 651 2411 unio,
672 2349 733 2397 seu
754 2340 847 2398 actus
872 2324 1072 2397 matrimonii
1090 2339 1211 2399 estre

112 2439 334 2538 praesentatio
358 2438 520 2540 physicae
546 2454 578 2513 et
598 2438 697 2512 realis
717 2439 854 2527 Christi,
874 2466 934 2540 per
950 2439 1211 2514 incarnationem

112 2581 186 2629 oum
211 2571 331 2632 natura
356 2571 486 2643 nostra,
511 2556 658 2630 unionis.
679 2554 812 2629 lloralis
833 2556 1083 2653 coniugatorum
1107 2555 1208 2644 unio,

113 2696 173 2744 seu
196 2671 384 2769 coniugalis
402 2671 542 2745 allectus
564 2672 722 2746 moralem
739 2671 863 2745 Christi
880 2696 956 2746 cum
973 2671 1131 2760 ecclesia,
1152 2696 1212 2770 per

113 2785 326 2874 charitatem,
354 2787 511 2861 unionem
537 2803 762 2887 repraesentat
776 2789 865 2884 (2).»

186 2900 368 2991 Quocirca,
396 2929 472 2996 cum
498 2920 565 2979 tota
589 2904 901 3002 significationisfac
918 2904 1005 3002 signi
1025 2904 1109 2977 ratio
1131 2902 1213 2979 insit

113 3015 267 3115 coniugio
283 3018 363 3116 ipsi,
388 3019 477 3118 quod
489 3018 642 3094 Christus
659 3020 694 3092 in
712 3045 797 3093 nova
813 3019 886 3118 lego
903 3046 966 3092 sua
982 3018 1211 3092 sanctificante

112 3132 218 3228 gratia
251 3133 446 3231 insignivit,
474 3150 565 3233 patet
592 3150 835 3209 sacramentum
867 3151 970 3210 totum
994 3132 1110 3234 perfici
1136 3133 1213 3232 ipso

112 3248 378 3323 contrahentium
399 3265 497 3338 actu,
523 3277 584 3324 seu
607 3277 766 3339 assensu,
786 3251 868 3350 quin
892 3249 984 3322 aliud
1009 3248 1208 3349 requiratur.

112 3362 182 3439 Hoc
194 3364 284 3438 idem
298 3390 338 3437 ex
350 3391 390 3440 eo
402 3366 628 3453 confirmatur,
644 3366 734 3466 quod
748 3366 842 3438 illum
856 3365 1076 3465 eumdemque
1086 3380 1209 3451 actum,

33 3554 36 3559 ,
112 3503 171 3551 seu
184 3505 454 3580 assensumque
463 3482 645 3581 antiquitus
655 3481 690 3553 in
702 3481 803 3554 veteri
815 3481 888 3578 lege
899 3480 1091 3578 coniugium
1100 3479 1213 3554 ahsol-

110 3592 263 3682 vehatur,
279 3594 432 3669 Christus
451 3597 709 3671 sanctificaverit
728 3613 761 3670 ct
780 3597 822 3670 ad
843 3596 1040 3694 dignitatem
1068 3595 1212 3669 evexerit

110 3709 323 3784 sacramenti.
340 3711 410 3784 lam
430 3738 509 3786 vero
526 3713 617 3811 apud
634 3730 761 3787 veteres
780 3738 846 3786 non
866 3709 1121 3798 interveniebat,
1144 3709 1212 3785 sal-

110 3841 176 3898 tem
199 3841 370 3925 tamquam
390 3853 469 3925 pars
490 3853 550 3900 seu
570 3826 768 3901 elementum
793 3828 973 3902 essentiale
992 3829 1027 3901 in
1045 3826 1210 3922 coniugiis

180 4084 217 4146 (2)
232 4082 339 4147 Triplex
347 4085 474 4148 aperitio
483 4085 508 4134 in
518 4086 582 4136 huno
592 4087 639 4136 loc.
651 4086 676 4136 Si
686 4087 744 4137 haee
753 4088 991 4151 muneratorium
1000 4082 1077 4134 addit
1085 4096 1115 4133 ac
1126 4081 1214 4133 ieiunis

108 4161 295 4224 mutantium
304 4174 334 4212 ae
344 4163 550 4214 rationaiietarum
567 4165 775 4229 expositionibus,
791 4178 866 4229 wem
881 4167 988 4216 immane
1005 4161 1132 4227 apparebit
1148 4161 1212 4212 nter

107 4240 244 4292 catholicos
250 4243 275 4292 et
280 4242 429 4294 watholieos
435 4247 547 4307 erogatas
555 4244 699 4295 dacomarii
712 4246 750 4296 (il.
761 4245 833 4296 eiiam
843 4247 950 4308 Mum,
959 4247 985 4295 et
994 4242 1157 4296 cornelione
1165 4243 1211 4293 Le·

109 4318 166 4382 pide
176 4320 202 4369 in
211 4321 394 4371 commentariis
403 4321 429 4370 in
439 4321 505 4372 hinne
516 4323 563 4372 loc.
