2872 5062
163 357 210 426 tt
368 377 430 428 nm.
451 376 475 426 r.
497 373 583 427 sncr.
604 374 627 425 1.
649 373 689 423 nn
706 371 840 424 narnia.
860 369 1076 425 stomunsro.

162 493 263 568 eham
289 519 319 567 s.
342 491 572 567 Innocentium
601 490 629 562 1.
654 489 713 588 qui
738 488 774 559 in
798 487 897 589 epist.
923 490 982 562 111.
1003 489 1049 563 ad
1070 487 1275 564 victricium,

165 609 282 682 «Cum
308 607 496 693 benedictio,
531 605 657 705 inquit,
686 631 769 703 quac
789 630 851 704 per
873 604 1071 678 sacerdotem
1093 631 1191 703 super
1213 632 1279 678 ou·

163 724 268 798 hectcs
294 723 487 821 imponitur,
509 747 575 795 non
592 721 766 794 materiam
791 720 1009 819 delinquendi
1034 720 1191 808 dedisse,
1213 720 1278 795 secl

160 840 302 915 formam
328 838 479 912 tenuisse
503 836 588 934 legis
610 862 631 909 a
654 837 725 910 Dec
750 836 934 935 antiquitus
959 836 1136 911 institutae
1155 837 1279 912 docea-

160 969 215 1029 tur
234 956 325 1051 (3l·”
337 953 379 1025 Et
395 953 514 1024 iterum
532 951 630 1051 epist.
642 951 782 1022 xxxvl.
795 950 839 1024 ad
849 949 1006 1054 Prohnm,
1023 951 1059 1022 in
1072 977 1141 1050 qua
1152 949 1275 1024 edicit:

163 1069 389 1155 «statuimus,
419 1066 486 1140 fide
511 1065 676 1142 catholica
701 1066 924 1163 suffragante,
953 1066 1038 1141 illud
1062 1092 1139 1140 asse
1163 1066 1280 1140 coniu-

159 1184 272 1284 gium,
292 1180 383 1281 qnod
400 1181 557 1280 primitus
575 1196 647 1255 erat
663 1180 780 1254 divina
803 1182 912 1278 gratia
933 1180 1110 1254 fundatum
1127 1180 1280 1276 (t);»Ti-

159 1296 331 1373 motheum
349 1295 429 1368 item
447 1295 674 1394 patriarcham
691 1294 863 1369 alexandr.
876 1295 935 1394 qui
949 1296 993 1369 ad
1005 1295 1199 1392 interrogat.
1211 1295 1272 1366 XI.

162 1410 231 1483 «Si
258 1410 335 1510 quis
362 1408 520 1483 clericum
543 1409 711 1484 vocaverit
736 1424 774 1483 ut
796 1409 1045 1483 matrimonium
1070 1409 1274 1505 coniungat,

159 1525 275 1599 audiat
290 1539 400 1599 auam
417 1550 493 1598 esse
514 1524 667 1598 illicitum
685 1523 954 1598 matrimonium.
971 1522 1156 1597 ..debetne
1177 1523 1274 1623 sequi

159 1640 302 1715 clericus
318 1639 371 1713 vel
389 1639 499 1713 lacere
515 1637 745 1713 oblationem?
761 1639 860 1737 Ilcsp.
876 1641 950 1713 Uno
972 1638 1075 1712 verho
1101 1636 1221 1726 dicite,
1244 1639 1276 1712 si

160 1755 324 1830 audiverit
347 1754 490 1830 clericus
513 1754 666 1830 illicitum
691 1754 957 1849 matrimonium:
983 1754 1013 1828 si
1037 1779 1118 1852 ergo
1137 1769 1190 1828 est
1211 1752 1277 1825 illi·

158 1871 282 1957 oitum,
310 1885 343 1945 et
367 1869 499 1968 legibus
524 1870 746 1958 contrariam,
774 1896 841 1944 non
867 1869 966 1943 dehet
989 1868 1130 1943 clericus
1152 1867 1275 1943 alienis
1333 1901 1336 1907 ¹

159 1984 304 2086 peccatis
329 1985 577 2060 communicare
597 1989 688 2082 (h).»
702 1987 770 2060 Nec
787 2012 854 2059 non
873 1985 1052 2086 Synesium
1076 1984 1276 2085 episcopum

158 2126 407 2200 cyrenensem,
435 2102 495 2201 qui
525 2101 625 2201 epist.
647 2099 709 2174 CV.
731 2100 774 2174 ad
792 2100 927 2175 fratrem
953 2127 1052 2174 sunm
1077 2099 1272 2180 scribebat:

161 2213 272 2286 chlihi
299 2214 401 2313 igitur
416 2228 450 2288 et
465 2214 557 2288 Deus
582 2215 656 2314 ipse
676 2229 712 2287 et
730 2214 801 2302 lex,
827 2231 861 2288 et
884 2241 980 2289 sacra
1005 2212 1182 2314 Theophili
1208 2239 1279 2289 ma-

158 2355 222 2403 nus
246 2356 383 2412 uxorem
409 2328 503 2404 dedit
530 2333 622 2426 (6).»
630 2330 771 2403 Demum
788 2329 928 2402 landant
944 2329 1186 2426 augustinum,
1213 2329 1275 2429 qui

157 2444 194 2516 in
219 2444 319 2543 epist.
344 2444 388 2517 ad
413 2445 609 2532 hostiam,
638 2446 696 2544 qui
722 2444 766 2518 ab
791 2444 1032 2544 ipsopetierat
1053 2459 1097 2519 ¹ut
1127 2443 1278 2544 puellam

158 2559 340 2658 quamdam
353 2557 572 2632 christianam
586 2559 621 2631 in
634 2559 826 2657 coniugium
845 2559 914 2633 filio
932 2586 994 2634 suo
1012 2559 1124 2634 adhuc
1139 2558 1277 2635 ethnico

157 2673 378 2772 permitteret,
406 2672 596 2772 rescripsit:
621 2702 638 2742 u
658 2674 692 2744 Si
718 2688 771 2761 tu,
800 2698 876 2746 cum
901 2674 1087 2748 certissime
1112 2675 1275 2763 noueris,

156 2786 290 2861 etiamsi
313 2783 447 2861 nostrae
471 2786 643 2862 absolutae
661 2789 704 2862 sit
721 2789 913 2888 potestatis,
930 2788 1114 2888 quamlibet
1125 2788 1275 2889 puellam

159 2901 195 2974 in
212 2902 406 2999 coniugium
430 2903 580 2991 tradere,
600 2902 687 2976 tradi
705 2931 725 2977 a
742 2902 840 2978 nobis
856 2904 1083 2985 christianam¹
1095 2904 1163 2978 nisi
1182 2904 1276 2980 chri—

156 3017 267 3092 stiano
293 3042 360 3090 non
386 3043 504 3118 posse.
518 3076 525 3090 .
539 3076 545 3090 .
558 3018 746 3120 quidquam
766 3018 808 3094 de
831 3018 924 3093 illius
949 3019 1081 3119 puellae
1105 3020 1276 3094 connuhio

104 3170 106 3173 ·
158 3132 323 3232 spondere
340 3159 407 3207 non
421 3133 526 3207 debeo
540 3137 628 3230 (7);»
641 3150 673 3208 et
686 3161 715 3208 s.
726 3134 921 3234 Gregorium
933 3135 1196 3224 nazianzenum,
1212 3135 1273 3237 qni

157 3247 193 3319 in
214 3247 314 3347 epist.
340 3248 432 3321 hllll.
459 3249 502 3322 ad
520 3250 716 3351 Procopium
741 3250 883 3351 loquens
907 3250 950 3325 de
974 3251 1115 3351 nuptiis,
1144 3250 1274 3350 quihus

157 3361 319 3437 interesse
336 3388 403 3436 ncn
421 3364 530 3464 potuit
548 3367 704 3463 quamvis
722 3365 764 3438 ad
782 3366 842 3439 cas
866 3365 1044 3452 invitatus,
1069 3365 1133 3452 ait;
1158 3366 1272 3438 «Nam

157 3476 286 3576 alioqui
312 3493 474 3577 quantum
492 3478 535 3553 ad
552 3480 756 3556 voluntatem
773 3481 908 3569 attinet,
928 3496 962 3554 et
978 3479 1099 3554 adsum
1116 3494 1150 3554 et
1166 3479 1271 3554 simul

156 3592 280 3666 testum
306 3592 439 3669 celebro
461 3593 700 3693 Iaccoilcsquc‘
719 3595 854 3669 electros
884 3597 969 3671 ister
991 3622 1024 3670 sc
1042 3587 1149 3695 'iucqc
1173 3610 1274 3694 atquc

154 3721 309 3807 utrasque
333 3709 397 3783 Dei
418 3710 544 3783 mucci.
559 3712 650 3806 (8).»

225 3923 262 3988 (a)
276 3923 347 3988 Apud
364 3924 484 3977 constant
493 3926 577 3990 Epist.
589 3923 819 3988 rompcntttcum
828 3925 877 3976 cot.
889 3929 942 3976 7⁵1.

162 4003 165 4006 ’
226 4004 261 4069 (t)
274 4002 339 4056 lbid.
352 4004 403 4056 col.
415 4011 469 4055 910.

119 4142 121 4146 7
226 4083 261 4148 (a)
276 4083 348 4149 Apud
358 4083 470 4135 aaronis
478 4085 544 4135 Acta
552 4082 645 4135 conell.
654 4085 715 4135 tom.
728 4086 760 4134 ss.
770 4083 819 4134 col.
830 4089 896 4136 ((94.
916 4076 918 4081 ’

226 4163 262 4227 (a)
277 4167 341 4229 opp.
354 4163 448 4228 synesii
463 4163 502 4216 ed.
514 4165 598 4215 Peter.
611 4164 689 4215 Paris.
702 4171 770 4216 163³.
782 4178 837 4229 pag.
849 4168 906 4216 tta.

226 4243 262 4307 (7)
277 4243 353 4307 aput.
366 4245 459 4295 GchV.
471 4241 511 4294 ed.
521 4245 600 4294 Maur.

225 4322 260 4387 (8)
275 4321 322 4375 Ed.
333 4323 523 4376 ammelech.
537 4329 608 4376 16³0.
617 4325 679 4376 tom.
690 4326 710 4374 l.
721 4336 776 4388 pag.
788 4330 842 4376 atto⁴
