2872 5062
235 327 302 395 em
430 349 490 396 ms.
513 348 536 394 r.
557 346 643 394 secr.
665 345 795 393 errem.
817 345 856 392 nr
882 343 1013 392 urrmu.
1035 341 1143 390 crvrm.

236 467 301 536 nisi
319 490 452 535 manum
472 462 515 537 ob
531 463 666 549 damni,
690 462 848 533 infamiae
866 485 1060 560 poenaeque
1083 460 1254 543 timorem,
1282 459 1340 556 qui

234 579 321 651 male
343 594 477 675 agentes
503 578 545 650 ab
571 605 670 678 opere
695 591 843 662 coercet,
871 575 931 647 sed
953 575 1201 672 perversitatem
1224 572 1344 646 volun-

234 694 312 766 tatis
333 720 399 766 non
416 693 609 780 emendent,
634 693 784 790 adeoque
801 689 902 762 simul
916 715 955 761 ao
969 689 1112 787 propitia
1132 715 1169 761 se
1189 715 1226 760 se
1245 688 1342 762 offert

234 835 339 893 ensa,
373 807 462 880 illico
490 809 532 880 ed
560 835 697 906 pravum
722 833 807 905 opus
833 805 1013 878 deveniunt
1041 806 1130 899 (43).

305 923 339 993 Si
366 923 506 1021 proinde
533 922 648 1017 religio
674 923 707 992 in
733 920 906 993 hominnm
932 917 1098 990 mentibus
1125 919 1338 1002 infirmetur,

234 1039 427 1135 languescet
443 1053 475 1110 et
492 1052 639 1136 torpeat,
657 1037 702 1108 ita
719 1052 756 1108 ut
773 1034 952 1109 salutarem
971 1033 1150 1119 inssumm,
1168 1059 1269 1132 quem
1283 1059 1344 1132 per

234 1178 271 1224 se
296 1151 508 1252 produceret,
536 1150 669 1223 nonnisi
696 1177 794 1246 aegre
818 1164 948 1232 exeret,
968 1162 1001 1220 et
1019 1146 1236 1219 collidatura
1259 1174 1344 1246 qua-

233 1267 310 1339 dam
332 1267 573 1353 indifferentia,
601 1281 658 1338 eut
682 1279 810 1337 secreto
836 1262 1079 1335 incredulitatis
1103 1261 1241 1348 morbo,
1269 1289 1344 1360 pro

234 1381 319 1454 lecto
343 1381 405 1454 hos
434 1381 587 1455 homines
612 1380 698 1453 mele
722 1380 860 1452 allectos
886 1379 940 1451 vix
961 1404 1001 1450 eo
1018 1402 1062 1448 ne
1078 1377 1134 1450 vix
1150 1377 1291 1475 quidem
1309 1379 1343 1449 in

233 1495 344 1569 officio
375 1495 569 1569 continebit.
599 1496 701 1568 Multo
732 1520 812 1567 vero
842 1493 948 1589 magis
982 1492 1096 1590 inepte
1120 1516 1161 1564 ac
1185 1492 1343 1566 inefficax

234 1611 370 1684 omnino
393 1610 510 1708 religio
537 1611 593 1683 fiet
616 1611 659 1682 ad
676 1610 745 1682 vim
764 1636 861 1683 suem
883 1608 1083 1681 exerendam
1108 1607 1143 1677 in
1168 1607 1343 1681 hominum

233 1725 347 1811 corda,
367 1725 425 1798 ubi
444 1725 501 1798 ille
518 1726 681 1811 extincta,
706 1742 763 1798 aut
788 1726 1003 1796 intermortua
1025 1723 1140 1810 suerit,
1168 1739 1270 1821 atque
1294 1724 1345 1795 in-

233 1841 431 1927 credulitas,
459 1842 560 1914 immo
578 1857 612 1913 et
630 1840 732 1913 animi
760 1840 891 1913 aversio
908 1866 928 1912 a
946 1838 1107 1935 religione
1128 1839 1340 1912 successerit.

234 1955 338 2029 Cuius
351 1957 398 2029 rei
411 1957 639 2030 testimonium
652 1955 817 2029 habemus
832 1955 1081 2055 experientiam,
1098 1980 1186 2053 quae
1198 1955 1346 2054 practica

234 2087 285 2143 est
309 2071 530 2145 humanorum
547 2087 725 2143 eventuum
743 2070 914 2166 magistra.
939 2070 1021 2141 Cum
1044 2068 1210 2142 eiusmodi
1237 2068 1345 2142 homi-

234 2183 336 2258 nibus
360 2185 531 2282 religionis
556 2201 732 2285 praecepta
761 2186 978 2284 proposueris
996 2186 1048 2258 sin
1067 2185 1179 2257 minus
1197 2184 1345 2257 irascan-

236 2313 311 2387 tur,
339 2302 478 2375 irrident
502 2301 620 2375 saltem
646 2317 745 2400 atque
771 2317 998 2375 contemnunt.

240 2427 242 2431 ’
306 2418 376 2490 lam
396 2444 475 2491 vero
492 2419 527 2490 in
544 2417 756 2516 praecedenti
778 2418 919 2491 articulo
943 2418 1171 2504 ostendimus,
1192 2418 1224 2490 si
1244 2442 1346 2517 quos·

233 2531 311 2604 dam
327 2531 485 2631 deceptos
506 2533 589 2606 torte
614 2533 805 2632 exceperis,
829 2560 900 2620 eos,
921 2533 979 2633 qui
1001 2533 1109 2630 legem
1131 2532 1281 2630 coniugii
1299 2532 1346 2606 ci-

233 2643 311 2718 vilis
338 2663 527 2745 proponunt
552 2648 794 2734 sanciendam,
824 2648 979 2721 homines
1011 2648 1219 2745 irreligiosos
1243 2673 1343 2733 esse,

234 2773 335 2856 etque
366 2760 529 2834 ecclesiae
558 2762 743 2835 catholicae
772 2762 982 2837 adversarios
1007 2779 1040 2836 et
1063 2762 1200 2848 hostes,
1229 2788 1347 2862 nempe

234 2873 333 2946 unice
349 2900 448 2947 verae
465 2875 637 2972 religionis
654 2902 782 2951 osores.
805 2877 1022 2950 Ostendimus
1042 2892 1232 2976 praeterea,
1250 2890 1346 2976 quot—

233 3007 314 3087 quot
338 2990 401 3064 sub
423 2990 508 3088 legis
530 2990 639 3064 civilis
657 2991 794 3065 obtentu
815 3020 854 3065 ec
877 2993 1061 3092 patrocinio
1085 2992 1254 3066 eiusmodi
1281 2991 1346 3064 ler-

233 3118 308 3176 vate
326 3105 443 3178 ineunt
463 3106 631 3180 connubia
645 3107 687 3179 ad
702 3107 927 3180 exclusionem
947 3122 1135 3181 contractus
1156 3134 1348 3181 sacremen-

234 3217 329 3307 talis,
358 3222 417 3319 qui
442 3248 502 3321 per
526 3222 701 3295 ecclesiam
726 3224 824 3295 unice
844 3223 985 3296 obtineri
1007 3240 1132 3324 potest,
1154 3223 1294 3296 totidem
1310 3223 1348 3293 li·

233 3330 381 3407 bertinos
399 3361 491 3424 esse,
512 3337 781 3437 depravataeque
805 3339 1031 3411 conscientiae
1054 3340 1144 3412 viros
1161 3363 1204 3410 ac
1221 3338 1348 3411 nullius

234 3445 426 3542 religionis,
455 3450 605 3550 alioquin
631 3451 696 3526 hac
719 3452 810 3525 civili
836 3452 986 3526 libertate
1012 3480 1078 3526 non
1103 3466 1289 3525 uterentur.

307 3562 423 3661 ltaque
444 3566 560 3664 paucis
586 3567 785 3640 concludere
810 3583 880 3640 tuto
906 3572 1102 3667 possemus,
1131 3593 1191 3641 eos
1215 3592 1348 3640 omnem

235 3676 407 3774 religionis
433 3706 570 3753 sensum
605 3683 828 3781 deposuisse,
862 3708 924 3756 nec
956 3684 1062 3756 ullum
1094 3683 1277 3757 salutarem
1301 3681 1351 3754 el·

235 3790 355 3864 sectum
378 3794 413 3864 in
438 3795 579 3868 istorum
610 3797 752 3870 cordae
774 3798 935 3895 religione
966 3800 1148 3899 profluere,
1183 3799 1257 3871 sive
1290 3797 1349 3897 qui

235 3905 342 4005 legem
368 3915 576 4010 proponunt,
599 3913 807 4014 scienterque
827 3931 967 4011 urgent,
996 3915 1067 3988 sive
1085 3914 1145 4014 qui
1164 3939 1202 3988 se
1219 3914 1251 3989 ei
1270 3939 1350 3987 con·

236 4020 402 4112 formant,
432 4026 465 4097 in
494 4027 665 4125 religionis
692 4028 898 4103 christianae
928 4029 1346 4129 conspirareperniciem.

988 4144 997 4171 t

306 4274 356 4338 (tt)
371 4277 408 4327 ct.
426 4277 526 4329 Rcbcrti
540 4279 566 4328 in
582 4292 621 4342 op.
635 4279 713 4330 Delta
724 4279 831 4343 proten
843 4281 977 4332 naturate.
