2872 5062
241 349 309 420 stt
434 371 494 421 nvn.
517 371 540 421 r.
563 371 650 420 sacr.
672 369 802 421 anteat.
823 369 864 421 ur
891 373 1022 422 viratu.
1045 372 1151 422 crvrar.

91 474 94 479 ⁶
120 511 134 521 ·’
239 491 323 590 ipsis
344 505 415 575 est,
440 489 648 588 deprimant,
671 490 871 590 saveantque
888 491 966 564 totis
984 491 1113 564 viribus
1135 493 1349 590 protestanti-

237 603 323 691 bus,
352 605 600 706 utpotemagis
626 605 757 679 idoneis
775 606 818 678 ad
841 605 1100 693 commercium,
1125 605 1347 693 industriam,

217 776 220 781 -
238 721 511 822 mundanamque
535 721 725 796 felicitatem
745 722 1017 822 promovendam.
1035 723 1122 795 llinc
1141 722 1351 820 irneligiosae

238 835 351 935 leges,
372 864 459 937 quae
476 837 661 910 catholicos
680 838 823 923 feriunt,
844 837 1042 938 praesertim
1058 863 1138 910 vero
1155 839 1349 936 praesules,

238 953 429 1028 sacerdotes
450 980 490 1027 ac
512 953 688 1050 religiosos
713 954 820 1039 viros,
849 980 935 1052 quos
962 968 1133 1052 tamquam
1159 953 1353 1052 peripsema

238 1069 364 1143 habent
378 1069 522 1168 pedibus
536 1070 785 1168 proterendum,
804 1094 843 1141 ac
858 1096 919 1169 per
930 1085 1154 1167 contemptum
1169 1070 1355 1142 clericalem

237 1185 412 1283 sectionem
429 1201 637 1283 nuncupant.
659 1185 743 1257 Cum
761 1184 803 1257 de
822 1184 877 1256 his
895 1185 1026 1281 agitur,
1048 1199 1127 1256 tunc
1148 1182 1269 1280 legalis
1294 1183 1354 1258 illa

239 1301 330 1373 fictio
355 1299 589 1374 abstractionis
608 1329 628 1374 a
646 1301 806 1399 religione
822 1317 953 1387 cessat,
975 1299 1148 1398 religionis
1166 1299 1355 1375 catholicae

239 1416 509 1516 pseudopolitici
527 1417 762 1506 recordantur,
778 1434 878 1516 atque
896 1418 930 1489 in
949 1417 999 1491 eis
1017 1443 1083 1490 non
1101 1419 1195 1500 civis,
1218 1417 1280 1490 sed
1298 1444 1354 1490 oa-

240 1533 352 1604 tholiei
370 1531 515 1604 ministri
541 1532 737 1632 qualitatem
762 1532 981 1606 insectantur.

270 1726 272 1730 ,
310 1647 418 1735 llaec,
447 1648 614 1747 quaevis
639 1647 881 1734 delibavimus,
911 1649 939 1721 si
966 1648 1044 1748 quis
1070 1649 1183 1721 animo
1210 1673 1273 1721 suo
1300 1673 1353 1721 re-

238 1778 332 1863 putet
356 1764 512 1864 serioque
537 1765 742 1865 perpendat,
772 1765 1015 1838 animadvertet
1032 1791 1098 1838 non
1120 1791 1197 1837 esse
1214 1791 1235 1836 a
1251 1763 1352 1837 nobis

238 1879 343 1973 veluti
369 1880 516 1978 imagine
541 1879 703 1968 conficta,
733 1880 793 1953 sed
821 1881 918 1953 sactis
943 1879 1171 1979 comprobata.
1193 1879 1282 1951 Satis
1301 1896 1354 1952 est

143 2000 146 2005 ’
239 1994 507 2070 oculoscircum
533 1995 619 2069 serre
644 2022 705 2094 per
728 1996 839 2068 varias
865 1994 1022 2067 catholici
1047 1994 1139 2067 orbis
1162 2010 1296 2092 partes,
1316 2009 1354 2066 ut

239 2109 331 2184 illico
351 2111 498 2210 quisque
518 2110 691 2192 veritatem
712 2109 826 2181 videat
845 2135 972 2194 eorum,
990 2135 1079 2207 quae
1092 2108 1348 2181 affirmavimus.

207 2297 210 2303 .
311 2227 417 2299 Porro
445 2253 485 2298 ex
508 2225 573 2299 hoc
598 2225 718 2323 legalis
751 2225 908 2298 atheismi
941 2225 1110 2323 principio
1135 2225 1204 2324 peti
1230 2223 1352 2296 debent

239 2340 391 2413 inaudita
408 2341 571 2415 hactenus
584 2345 620 2412 in
633 2341 826 2439 regionibus
845 2341 1021 2414 catholicis
1039 2341 1253 2413 matrimonia
1270 2367 1352 2440 pure

239 2456 371 2543 civilia,
400 2471 433 2528 et
457 2457 510 2528 lex
535 2457 579 2528 ad
604 2483 645 2528 ea
669 2457 922 2530 cohonestanda
947 2483 987 2528 ac
1012 2456 1240 2554 promovenda
1275 2482 1351 2529 cum

238 2587 331 2644 tanta
355 2572 543 2652 animarum
562 2588 663 2672 atque
681 2573 789 2672 ipsius
808 2571 963 2672 publicae
988 2571 1176 2645 honestatis
1203 2571 1352 2670 pernicie

241 2701 274 2757 et
298 2703 439 2759 tactura.
558 2744 560 2748 Α
1317 2747 1320 2751 ,

248 2844 265 2858 ·»
285 2803 436 2901 «Ecquis
459 2829 541 2876 vero
566 2819 644 2890 est,
663 2804 722 2903 qui
748 2830 815 2876 non
840 2804 975 2891 videat,
1012 2803 1179 2876 eiusmodi
1213 2803 1348 2878 exitiale

238 2916 442 3017 principium
468 2941 603 3016 germen
629 2920 712 2991 esse
731 2918 913 3017 impietatis
939 2918 1132 2990 maximae?
1151 2917 1242 3003 Quid
1264 2918 1350 2991 enim

168 3126 174 3138 ⁵
238 3050 289 3108 est
314 3034 406 3106 aliud
432 3044 678 3134 separare‘rem
696 3035 828 3108 civilem
847 3061 867 3107 a
885 3035 1060 3131 religiosa,
1082 3061 1184 3133 quam
1208 3034 1350 3106 fulcrum

237 3151 457 3249 praecipuum
480 3150 589 3248 ipsius
609 3150 963 3249 ⁴societatispoliticae
988 3176 1174 3237 removere,
1205 3149 1353 3223 accivi-

237 3263 302 3336 bus
321 3265 577 3338 incitamentum
596 3267 816 3365 praecipuum
834 3266 877 3338 ad
896 3265 980 3362 legis
999 3266 1248 3339 observantiam
1272 3265 1353 3339 suh-

237 3379 389 3466 trahere,
404 3381 473 3453 vim
486 3381 663 3481 physicam
680 3383 714 3453 vi
733 3381 853 3455 morali
872 3407 911 3453 ac
928 3381 1107 3478 religiosae
1125 3378 1352 3455 substituere?

239 3494 328 3579 Quid
349 3494 442 3567 aliud
464 3512 536 3584 est,
558 3521 659 3596 quam
677 3497 803 3571 calcem
817 3523 857 3570 ac
871 3513 1079 3570 caementum
1092 3525 1112 3570 a
1125 3497 1300 3597 lapidibus
1318 3495 1351 3566 in

237 3609 383 3685 aedificii
409 3612 496 3685 mole
521 3612 738 3699 subtrahere,
768 3613 905 3686 unicum
931 3615 1050 3687 efficax
1076 3613 1229 3700 frenum,
1260 3613 1350 3714 quod

237 3743 403 3819 remanet,
432 3728 596 3826 proiicere
621 3729 667 3801 ad
693 3729 785 3802 cives
812 3729 1036 3816 coercendos,
1066 3755 1109 3802 ne
1134 3728 1296 3802 dillluant
1318 3730 1351 3801 in

237 3866 335 3914 omne
360 3841 487 3930 scelus;
510 3843 659 3917 habenas
684 3844 798 3916 laxare
823 3844 913 3916 omni
938 3844 1126 3943 iniquitati,
1140 3844 1222 3928 iura
1239 3843 1351 3917 omnia

236 3960 456 4058 pessumdare
473 3975 506 4032 et
522 3976 679 4060 quatere,
700 3987 789 4060 quae
806 3961 962 4034 columen
989 3956 1234 4060 munimenque
1250 3983 1350 4034 suum

238 4101 259 4147 a
280 4076 442 4174 religione
465 4078 566 4149 unice
591 4076 811 4149 mutuantur?
828 4079 870 4150 Et
886 4095 997 4150 tamen
1016 4077 1082 4151 hoc
1099 4077 1142 4148 ab
1160 4077 1204 4148 iis
1222 4077 1273 4165 fit,
1293 4074 1349 4175 qui

237 4191 406 4266 honestati
432 4191 588 4290 publicae
612 4191 791 4290 invigilare
808 4219 849 4266 ex
866 4191 979 4266 officio
1005 4207 1181 4279 tenentur,
1209 4183 1349 4291 eamque

238 4308 329 4378 omni
348 4333 416 4405 qua
434 4323 579 4406 possunt
594 4334 658 4408 ope
676 4335 890 4406 promovere:
912 4300 1014 4383 immo
1031 4307 1122 4399 addo
1146 4307 1348 4408 quaudoque
