2872 5062
218 334 286 407 3'12
409 355 469 406 ιιι.
491 355 514 404 ι.
535 353 621 405 secr
642 354 771 408 ιιιιιι.
793 354 833 402 ιι
851 352 983 403 usnam
1005 351 1113 402 crvru.

217 474 516 573 emancipationem
529 474 564 545 in
577 499 680 546 sensu
703 471 887 547 adversarii
912 496 1095 568 numquam
1115 469 1239 566 adepta
1256 485 1323 600 est,

218 615 278 663 nac
293 614 367 663 eam
387 612 547 687 umquam
570 587 789 684 adipiscetur

289 701 533 778 Matrimonium
551 716 648 800 prout
668 716 721 772 est
739 700 888 773 officium
906 715 1043 771 naturae
1060 714 1150 771 certe
1166 714 1219 771 est
1235 697 1331 796 prin·

217 820 342 919 ciprum
369 841 408 889 ao
434 815 573 889 materia
599 816 733 913 prima,
762 831 798 891 ut
822 814 970 914 loquitur
995 828 1130 901 orator,
1153 813 1243 887 vitae
1267 838 1329 884 na—

219 935 353 1017 toralis,
377 959 444 1007 non
471 946 581 1004 autem
607 930 728 1015 civilis,
750 956 837 1029 quae
863 944 1000 1003 naturae
1022 929 1190 1003 adiicitur.
1206 929 1328 1001 Verum

217 1065 395 1149 antequam
422 1049 507 1120 inter
532 1046 734 1122 christianos
759 1073 799 1120 ex
825 1046 936 1120 officio
966 1060 1106 1119 naturae
1131 1046 1189 1118 liat
1213 1044 1330 1117 matri-

217 1165 388 1250 monium,
425 1163 491 1234 iam
522 1163 566 1236 ad
594 1162 771 1236 ecclesiam
798 1161 942 1261 pertinet
966 1177 1156 1235 contractus
1193 1175 1331 1232 natura-

217 1281 278 1365 lis,
316 1306 357 1351 ex
390 1304 458 1377 quo
477 1293 737 1350 'sacramentum
772 1277 931 1374 exurgit,
960 1291 993 1348 et
1026 1277 1100 1349 sine
1132 1302 1200 1374 quo
1236 1273 1330 1348 nullo

218 1394 318 1468 modo
344 1393 498 1466 consistit
523 1393 587 1466 iste
611 1408 814 1466 contractus
845 1392 1055 1490 Quapropter
1080 1392 1242 1490 princeps
1267 1415 1330 1462 nec

220 1509 273 1581 ius
308 1534 418 1607 neque
451 1532 573 1579 munus
596 1507 698 1580 habet
722 1521 930 1580 contractum
956 1506 1029 1578 suis
1053 1504 1185 1602 legibus
1211 1505 1328 1578 mode·

218 1621 329 1698 randi

290 1738 409 1811 Nescio
431 1762 529 1836 porro
555 1737 637 1836 quid
662 1694 830 1842 significet
846 1735 904 1809 illa
910 1751 1062 1865 potentes
1081 1739 1206 1822 nmicc,·
1231 1761 1329 1807 num·

220 1854 304 1954 quid
331 1852 474 1926 ecclesia
499 1852 576 1924 ad
568 1868 674 1925 instar
692 1865 743 1924 est
764 1851 938 1948 regiminis
963 1851 1092 1938 ciuilis,
1121 1851 1168 1924 ita
1193 1866 1232 1922 ut
1259 1850 1328 1922 dici

219 1969 327 2067 possit
358 1982 509 2066 potestas
542 1967 680 2038 amico?
712 1966 820 2051 Quam
854 1967 983 2042 absona
1016 1983 1050 2039 et
1081 1966 1212 2040 abiecta
1244 1965 1330 2038 haec

219 2085 352 2157 suntin
374 2108 433 2156 ore
457 2082 569 2180 gravis
594 2080 777 2158 senatorial
803 2080 955 2154 Ecclesia
977 2107 1108 2181 semper
1133 2080 1203 2154 suit·
1221 2096 1254 2152 et
1278 2096 1330 2154 est

218 2195 374 2271 omnibus
400 2195 596 2271 hominibus
625 2196 752 2278 arnico,
779 2210 833 2267 est
857 2194 914 2293 pia
938 2209 1044 2266 mater
1068 2208 1101 2267 et
1124 2193 1329 2268 benevolen-

219 2311 351 2387 tissima
380 2309 503 2382 nutrix.
532 2309 686 2382 Ceterum
712 2333 810 2381 nemo
836 2323 946 2406 potest
974 2335 1013 2381 ex
1039 2335 1077 2381 se
1102 2308 1212 2382 lacere
1236 2308 1328 2408 quod

218 2452 285 2499 non
310 2441 361 2498 est
385 2424 419 2495 in
450 2449 511 2496 sua
537 2437 710 2523 potestate.
741 2424 817 2494 lura
842 2423 1010 2522 denique,
1040 2449 1128 2522 quae
1160 2450 1327 2552 nusquam

218 2539 387 2624 existunt,
416 2562 476 2610 nec
495 2536 776 2635 praescriptionis
792 2537 859 2608 dici
879 2552 1037 2682 possunt,
1058 2564 1168 2646 neque
1185 2540 1328 2638 imprae-

218 2651 428 2747 receptibilia.

292 2763 387 2850 Quod
410 2789 488 2837 vero
509 2765 625 2838 attinet
642 2743 685 2838 ad
703 2792 759 2852 ea,
779 2794 868 2898 quae
884 2784 1052 2842 oratomm
1070 2768 1154 2842 alter
1170 2769 1324 2866 urgebat,

218 2878 325 2978 legem
350 2880 438 2952 hanc
463 2879 523 2950 niti
548 2879 680 2955 duobus
705 2881 901 2982 principiis,
921 2911 1009 2985 quae
1033 2884 1308 2962 humanitaria
1281 2911 1327 2959 sr-

219 2993 288 3067 mul
303 3010 388 3068 sunt
404 3012 438 3068 et
453 2995 665 3092 euangelica,
686 2997 833 3071 suffic-iat
852 3000 1071 3099 respondere,
1087 3026 1128 3072 ea
1141 3026 1218 3073 esse
1235 3001 1327 3099 prin-

217 3110 307 3208 cipia
327 3111 521 3211 aptissima,
543 3126 640 3209 projut
653 3111 700 3184 'ab
716 3129 852 3188 oratore·
872 3115 1123 3213 intelliguntur,
1145 3115 1188 3188 ad
1211 3117 1327 3189 huma·

218 3225 355 3296 nitatem
373 3224 490 3311 simul,
510 3250 692 3324 veramque
708 3227 934 3324 evangelicam
953 3229 1149 3326 religionem
1167 3228 1327 3303 abiicien-

218 3337 308 3415 dam.
334 3337 376 3410 Et
400 3339 559 3437 quoniam
585 3340 749 3438 profanus
769 3355 880 3414 orator
896 3341 939 3413 ad
957 3343 1131 3440 evangelia
1152 3359 1322 3442 provocat,

218 3453 483 3551 respondemuS,
520 3482 596 3528 eum
628 3457 743 3555 utique
767 3457 825 3556 qui
852 3457 1026 3554 evangelia
1050 3458 1180 3557 aperiat
1204 3459 1326 3557 spiritu

217 3568 454 3666 protestantioo
479 3568 677 3643 informatus
703 3586 803 3669 atque
827 3587 1108 3670 praeoccupatus,
1129 3571 1175 3643 ibi
1196 3572 1327 3672 procla-

218 3697 340 3756 matum
365 3682 510 3781 reperire
535 3685 781 3784 separationem
805 3700 914 3759 status
940 3686 983 3758 ab
1008 3687 1168 3772 ecclesia,
1198 3687 1326 3761 scilicet

218 3797 338 3884 aDe0;
359 3814 393 3870 at
410 3825 486 3871 eum
504 3799 873 3897 quiqmentecatholica
890 3828 929 3874 ea
947 3801 1095 3900 aperiat,
1112 3801 1206 3875 nullo
1224 3803 1323 3874 modo

216 3913 465 4008 separationem,
484 3913 543 3985 sed
562 3912 800 4003 distinctionem
817 3915 923 3988 solam
941 3914 1187 4013 praesidiorum
1201 3932 1234 3989 et
1247 3916 1324 3988 finis

217 4049 278 4122 pro
303 4039 392 4099 statu
417 4043 518 4126 atque
543 4026 685 4103 ecclesia
707 4028 873 4116 invenire3
894 4046 995 4129 atque
1012 4031 1190 4129 utriusque
1215 4031 1322 4104 amico

217 4137 349 4213 foedere
366 4141 578 4214 concordiam
592 4172 599 4215 r
615 4168 716 4242 quam
735 4143 872 4242 quidem
889 4145 1074 4219 doctrinam
1092 4162 1204 4243 patres
1221 4171 1323 4246 expo

218 4268 319 4339 nunt3
344 4268 470 4329 tantum
492 4255 602 4344 abest,
622 4271 675 4344 ut,
696 4259 978 4356 quemadmodum
1005 4275 1117 4335 orator
1141 4245 1256 4338 noster
1273 4260 1321 4338 ai-
