2872 5062
324 389 392 438 ιιι.
409 387 432 435 ι.
453 385 492 435 us
517 383 649 434 rurus.⁴
668 380 780 431 ιιιιιιι
805 379 938 430 urruns.
960 379 1031 427 ιιι.
1054 379 1089 427 ιι.
1193 354 1261 424 217

158 524 303 593 tractus,
337 504 489 602 adeoque
513 499 648 573 nonnisi
680 497 861 597 improprie
886 523 946 595 per
970 493 1149 568 divortium
1182 494 1266 568 solvi

156 625 324 697 dicuntur.
346 615 389 690 At
405 613 666 716 sihypothesim
692 612 793 685 etiam
817 608 1084 683 adversariorum
1110 609 1268 682 concede

157 763 290 824 namne,
316 735 345 809 si
366 759 408 807 ex
428 757 543 806 eorum
569 728 751 829 principio,
779 728 891 825 atque,
911 741 950 798 ut
965 725 1032 798 diei
1053 723 1153 812 solet,
1167 749 1267 822 argu-

156 870 269 930 mento
298 851 342 925 orl
369 851 526 923 hominem
542 861 694 931 utamur,
718 843 752 916 id
770 844 859 917 cerlo
877 839 1059 916 adversarii
1086 840 1182 913 fateri
1208 840 1267 912 de-

156 969 255 1054 bent,
272 959 429 1062 coniugia
444 986 535 1035 mere
552 959 683 1044 civilia,
702 971 818 1056 utpote
838 982 929 1028 mere
941 954 1264 1028 oiviles'oontraetus

157 1082 298 1156 dissolvi
328 1074 441 1179 posse.
470 1077 633 1149 Nimirum
663 1074 741 1147 lioet
770 1071 1020 1145 matrimonium
1046 1069 1144 1143 oivile
1169 1096 1268 1143 verus

157 1213 249 1272 osset
270 1211 495 1279 ¹contractus,
532 1217 598 1265 uon
633 1203 724 1263 esset
751 1206 863 1260 tamen
888 1185 1080 1258 necessarie
1109 1182 1269 1283 qualitate

160 1312 333 1413 praeditus
366 1307 691 1392 indissolubilitatis‚
721 1305 873 1401 adeoque
897 1329 938 1375 ox
965 1329 1027 1375 sua
1050 1303 1124 1401 ipse
1151 1315 1270 1375 natura

156 1417 407 1500 matrimonium
438 1419 536 1496 civile
561 1421 779 1520 proprietates
809 1417 924 1490 deiicit
952 1415 1154 1540 matrimonii
1185 1415 1270 1489 chri·

158 1540 281 1627 atiani,
302 1538 479 1611 nimirum
473 1534 823 1610 indissolubilitutem.

156 1654 315 1727 ·Velit
338 1652 420 1727 nolit
444 1651 552 1727 civilis
578 1652 773 1738 auctoritas
800 1649 964 1748 impedire
989 1648 1125 1721 minime
1140 1647 1269 1748 poterit

159 1769 317 1856 divortia,
338 1794 457 1867 quaea
471 1767 599 1840 ratione
613 1764 697 1839 meri
715 1763 904 1839 contractus
925 1765 1034 1838 civilis
1057 1777 1176 1862 sponte
1194 1788 1270 1861 pro-

159 1883 300 1958 oedunt:
322 1883 389 1955 imo
406 1883 507 1954 etium
524 1881 668 1980 ipsamet
688 1895 824 1976 cogetur
849 1877 950 1950 aliurn
972 1878 1120 1977 prolerre
1141 1876 1267 1972 legem,

159 1995 227 2118 qua
243 1997 408 2071 eiusmodi
431 1996 584 2070 divortia
595 1995 742 2091 legitima
767 1995 966 2068 efficiantur
989 1995 1027 2065 ln
1047 2009 1190 2092 utroque
1206 2017 1271 2063 au·

159 2111 236 2186 tem
250 2137 332 2185 casu
352 2109 506 2185 evidens
507 2127 577 2197 est,
598 2109 904 2228 indissolubitutem
921 2108 1120 2183 christiani
1123 2106 1270 2256 coniugii

160 2224 352 2299 labefactari
378 2223 482 2324 attiue
502 2224 646 2297 omnino
661 2249 835 2296 corruere.
896 2226 900 2242 ²

160 2338 405 2413 ·Sublato
396 2338 498 2435 igitur
521 2353 621 2437 atque
655 2338 790 2410 omnino
798 2337 977 2411 subverso
1002 2334 1168 2436 principio
1197 2334 1272 2407 reli-

159 2454 276 2553 poso,
295 2453 400 2554 =quod
425 2453 562 2545 unioum
586 2479 731 2552 vereque
765 2452 911 2528 solidum
942 2452 1196 2525 fundamentum
1221 2465 1273 2523 est

160 2567 466 2659 indissolubilitatis
484 2567 688 2666 coniugalis,
704 2567 874 2667 quodnam
888 2565 980 2641 aliud
999 2566 1272 2641 substituetluir-

159 2682 354 2756 dementum
378 2682 559 2757 auotoritas
582 2682 710 2770 civilis,
732 2684 824 2782 quae
837 2682 1032 2756 abstrahere
1044 2708 1082 2755 so
1092 2681 1179 2755 velle
1196 2706 1273 2780 pro-

160 2797 301 2870 testatur
323 2824 344 2871 a
370 2799 530 2896 religione
554 2798 686 2891 inssuis
713 2798 844 2896 legibus
878 2797 1062 2872 (tondendis
1087 2794 1176 2870 cirea
1200 2822 1273 2869 mu·

161 2909 375 3003 trimonium?
392 2913 540 2985 Proleet'o
564 2937 631 2984 non
657 2911 749 2985 aliud
774 2929 909 3012 praeter
933 2912 1041 3010 legem
1064 2911 1268 2998 naturalem,

161 3040 222 3098 eut
243 3025 443 3119 voluntatem
471 3053 532 3102 seu
561 3027 788 3100 auctoritatem
819 3056 915 3101 suam
941 3055 1002 3126 per
1025 3026 1132 3123 legem
1164 3026 1273 3098 mani·

159 3139 328 3214 lestutam.
358 3143 458 3215 Porro
485 3158 664 3241 utrumque
689 3143 854 3216 eiusmodi
871 3143 1139 3235 »laudamentum
1172 3139 1273 3227 labile

160 3259 228 3342 est,
244 3260 298 3328 ae
322 3271 414 3330 tauto
438 3257 571 3331 effectui
597 3258 810 3357 producendo
840 3284 988 3356 prorsus
1005 3257 1189 3356 ineptumff

132 3403 136 3418 ·
218 3369 368 3441 :Etenim
403 3372 510 3469 primo
545 3371 654 3470 impar
687 3388 738 3445 est
778 3371 1067 3452 indissolubilitati
1104 3370 1272 3468 coniugali

160 3483 384 3557 stabiliendae
421 3485 475 3557 len
510 3487 704 3573 naturalis,
744 3513 831 3587 quae
864 3487 1040 3585 multiplici
1077 3487 1273 3585 interpreta-

160 3599 243 3671 tioni
271 3597 415 3672 obnoxie
440 3615 510 3686 est;
543 3617 644 3699 atque
672 3627 759 3674 oum·
778 3627 875 3675 nemo
903 3603 990 3675 inter
1017 3601 1171 3675 homines
1199 3601 1272 3678 eius

160 3712 324 3813 interpres
350 3712 536 3788 infallibilis
563 3715 607 3788 sit
629 3730 662 3789 et
686 3712 925 3804 authenticus,
958 3715 1153 3817 praesertim
1184 3715 1274 3788 cirea

160 3827 351 3915 artieulum,
379 3855 478 3928 quem
505 3830 743 3928 expendimus,
766 3831 830 3904 hoo
848 3832 923 3930 ipso
941 3847 1036 3904 nutat
1060 3831 1133 3904 eius
1158 3845 1274 3902 auoto-

162 3942 256 4015 ritas.
275 3941 404 4016 Crescit
427 3970 505 4018 vero
530 3945 712 4020 difficultas
737 3972 777 4018 ex
802 3947 1056 4049 disceptatione,
1078 3972 1164 4045 quae
1188 3944 1274 4017 inter

159 4055 384 4156 philosophos
409 4059 474 4132 huo
499 4085 601 4158 super
626 4088 662 4134 re
684 4061 774 4158 uiget
790 4078 823 4135 et
840 4062 923 4137 iuris
942 4061 1104 4137 naturalis
1128 4059 1269 4159 peritos,

161 4169 218 4268 qui
244 4170 279 4240 in
304 4172 415 4244 uanas
441 4172 565 4246 abeunt
580 4176 785 4270 sententias,
815 4176 891 4249 aliis
918 4175 1185 4262 affirmantibuS‚
1211 4176 1273 4245 'ne-

159 4281 319 4376 gantibus
344 4283 433 4372 aliis,
453 4286 583 4383 exlege
608 4303 746 4362 naturae
770 4289 905 4388 enposoi
926 4289 1090 4364 eiusmodi
1112 4284 1272 4362 connubii
