2872 5062
236 335 305 405 368
439 356 501 406 nu.
523 355 547 404 r.
568 342 808 404 srursntrnm.
830 355 870 404 nr
888 353 1020 405 uarmu.
1042 353 1152 405 crum.

234 489 437 548 contractum
460 498 552 545 mere
571 471 704 545 civilem
722 472 796 544 sine
816 488 1025 546 sacramento
1042 472 1213 546 celebrare
1234 489 1350 572 optata

235 589 402 685 coniugia.
420 588 508 684 Ergo
522 585 651 660 ethaeo
664 587 768 660 altera
780 613 861 684 pers
875 586 1104 686 hypotheseos
1118 588 1346 683 gratuitatem,

235 728 274 777 ac
299 703 397 803 plane
415 702 513 776 lalsa.

309 818 458 891 Tandem
476 817 595 890 falsam
619 843 696 891 esse
719 818 851 891 tertiam
878 843 1013 916 quoque
1038 820 1204 917 assumpti
1222 814 1350 917 partem

235 936 282 1007 ita
305 934 526 1008 ostendimus.
556 935 744 1033 Numquam
770 948 879 1033 potest
899 959 975 1006 esse
993 959 1115 1031 scopus
1133 933 1232 1031 legis,
1256 934 1352 1032 quod

235 1051 425 1150 aequitati,
462 1050 666 1148 divinaeque
700 1048 766 1145 legi
800 1075 938 1148 prorsus
968 1064 1143 1146 repugnat.
1173 1049 1350 1122 Eiusmodi

235 1182 346 1239 autem
363 1181 415 1238 est
430 1181 500 1237 tum
517 1164 781 1265 independentia
809 1163 983 1264 potestatis
1009 1164 1118 1237 civilis
1142 1191 1163 1237 a
1189 1165 1353 1261 religione

235 1281 308 1353 sire
329 1279 372 1352 ab
392 1279 560 1367 eeclesia,
587 1296 658 1352 tum
678 1278 850 1375 obligatio,
871 1305 974 1378 quam
992 1279 1126 1367 dieunt,
1148 1294 1256 1353 status
1273 1306 1353 1377 erga
1386 1353 1388 1356 ,

235 1399 325 1469 cives
351 1395 439 1468 hanc
463 1393 759 1493 independentiam
784 1395 992 1469 vindicandi.

307 1509 482 1609 Repugnat
499 1534 539 1582 ac
558 1509 708 1610 implicat
729 1509 988 1609 independentia
1006 1513 1183 1640 potestatis
1200 1511 1312 1585 civilis
1331 1537 1351 1583 a

236 1624 448 1723 religione
420 1651 492 1698 srve
516 1625 560 1698 ab
581 1625 743 1711 eeclesia
764 1642 802 1698 ut
818 1652 858 1697 ex
877 1626 941 1718 hoe
959 1626 1069 1726 eapite
1086 1627 1180 1727 prius
1198 1626 1351 1699 exordia-

235 1767 328 1828 mur,
345 1739 462 1813 eadem
480 1741 608 1814 ratione
621 1768 689 1853 qua
702 1757 867 1839 repugnat
880 1758 913 1814 et
928 1741 1078 1841 implicat
1089 1740 1351 1840 independentia

236 1856 387 1956 corporis
405 1856 548 1929 alicuius
566 1855 710 1930 viventis
724 1856 767 1928 ab
780 1857 893 1929 anima
897 1883 1002 1955 ,quae
1015 1857 1099 1929 illud
1113 1857 1288 1943 informat,
1305 1857 1352 1930 vi-

234 1971 361 2058 vificat,
378 1972 462 2068 regit
475 1997 515 2044 ae
532 1971 734 2044 moderatur.
752 1972 931 2071 Receptum
945 1988 998 2045 est
1014 1971 1106 2071 apud
1123 1971 1353 2071 pseudo-poli·

237 2085 320 2160 ticos
340 2086 511 2184 adagium,
530 2087 620 2186 quod
634 2087 769 2158 ecclesio
782 2087 826 2158 st't
839 2089 994 2171 incisim·
1014 2111 1077 2159 nos
1097 2084 1241 2158 libenter
1262 2085 1351 2158 istud

235 2201 463 2288 admittimus;
480 2201 663 2276 dummodo
676 2219 787 2275 tamen
801 2202 849 2275 ita
861 2201 1087 2298 intelligatur,
1107 2203 1200 2300 quod
1217 2202 1352 2274 eeclesia

235 2317 280 2388 st't
299 2319 335 2387 in
355 2331 461 2401 stato,
490 2331 589 2414 prout
612 2316 727 2388 anima
758 2332 805 2387 est
831 2318 871 2388 in
901 2342 1058 2414 conpore,
1093 2343 1113 2389 a
1142 2343 1212 2416 qua
1242 2332 1351 2389 status

237 2432 429 2532 dependere
445 2433 583 2506 omnino
599 2432 699 2505 debet
714 2433 814 2531 eique
831 2431 966 2505 subiici.
984 2433 1112 2506 Statum
1133 2458 1171 2507 se
1190 2432 1353 2533 indepen-

237 2546 372 2620 dentem
394 2548 527 2620 efficere
552 2547 595 2619 ab
620 2547 782 2635 eeclesia,
813 2547 857 2620 ab
882 2574 1004 2647 eaque,
1033 2563 1071 2621 ut
1095 2549 1207 2636 aiunt,
1229 2575 1268 2622 se
1283 2549 1352 2623 rin-

237 2660 351 2734 dicare
373 2663 512 2760 perinde
536 2679 626 2735 esset
647 2689 686 2735 ac
706 2689 744 2736 se
765 2661 1048 2761 independentem
1071 2665 1222 2764 pmfiteri
1243 2691 1284 2739 ac
1301 2690 1351 2738 se·

236 2793 391 2875 paratum
404 2804 425 2849 a
436 2778 506 2850 Deo
520 2778 685 2850 ecclesiae
705 2805 765 2851 seu
781 2804 880 2851 verae
898 2778 1071 2876 religionis
1088 2795 1244 2868 auctore,
1262 2781 1350 2881 quod

236 2907 325 2966 certe
349 2892 619 2992 pseudopolitici
642 2921 757 2968 omnes
779 2894 879 2968 simul
901 2896 1026 2995 sumpti
1054 2923 1240 2997 numquam
1268 2897 1352 2971 obti-

239 3009 385 3097 nebunt,
412 3037 488 3084 cum
514 3011 705 3108 dependere
730 3039 750 3083 a
774 3012 843 3084 Deo
869 3026 1045 3111 tamquam·
1066 3038 1087 3085 a
1113 3040 1271 3112 supremo
1287 3015 1352 3086 Do·

237 3123 330 3198 mino
359 3125 517 3198 omnibus
550 3125 747 3199 hominibus
772 3152 812 3198 ac
837 3126 1054 3200 societatibus
1088 3128 1272 3200 essentiale
1293 3128 1346 3201 sit.

238 3239 288 3311 De
306 3240 393 3338 scoto
415 3241 532 3339 utique
556 3267 594 3314 se
617 3242 789 3314 vindicare
806 3269 826 3314 a
843 3243 913 3314 Deo
935 3258 1005 3314 tum
1031 3242 1187 3316 homines
1207 3242 1346 3374 singuli,

239 3369 309 3427 tum
324 3356 500 3429 societates
517 3383 578 3456 per
594 3356 775 3431 voluntatis
793 3359 1046 3457 perversitatem
1064 3374 1236 3460 poterunt;
1253 3361 1352 3432 immo

236 3468 350 3543 heu
317 3470 458 3544 nimium
473 3486 520 3545 tot
533 3473 606 3546 suis
621 3473 804 3546 sceleribus
815 3500 854 3547 ac
862 3473 969 3547 libera
983 3474 1148 3547 sentiendi
1162 3474 1352 3575 agendique

236 3584 364 3660 ratione
377 3571 567 3661 seseall'eo
584 3589 773 3676 vindicant,
803 3606 857 3662 ast
881 3592 952 3662 iure
977 3616 1180 3718 numquam3
1201 3592 1352 3691 adeoque

236 3703 344 3777 serius
374 3702 468 3776 ocius
493 3703 528 3774 in
534 3705 615 3776 Dei
645 3731 766 3779 manus
799 3706 950 3778 incident
973 3705 1070 3778 ad
1041 3732 1115 3779 erus
1140 3705 1352 3780 subeundum

236 3818 542 3919 experiendumque
560 3819 721 3893 iudicium
743 3820 831 3916 (37).
856 3822 974 3919 ltaque
997 3821 1165 3895 eiusmodi
1190 3823 1349 3907 stultitia,

314 4094 364 4158 (³7)
380 4092 508 4146 Praeclare
517 4107 567 4146 non
578 4096 661 4146 minus
673 4096 782 4160 prudens
793 4108 868 4159 qoam
882 4097 967 4145 sancta
981 4095 1088 4146 foemina
1106 4095 1190 4146 iudith
1209 4095 1350 4160 inquiebat:

235 4193 249 4220 a
259 4177 311 4226 Vae
321 4175 387 4240 genti
400 4176 535 4240 insurgenti
553 4189 628 4240 snper
645 4189 722 4240 genus
733 4189 831 4226 meum:
844 4176 965 4225 Dominus
976 4177 1042 4226 enim
1053 4176 1210 4239 omnipotens
1220 4174 1352 4225 vindicabit

234 4255 262 4304 in
271 4255 318 4319 eis,
330 4258 359 4306 tn
370 4253 413 4307 dte
423 4255 517 4308 ludicii
529 4256 650 4308 obnubit
661 4255 732 4317 illos,
742 4255 812 4306 dabit
821 4256 888 4306 enim
898 4255 979 4319 ignem
989 4257 1015 4306 et
1025 4268 1120 4306 remeo
1128 4256 1153 4305 in
1163 4269 1251 4307 earnes
1259 4267 1351 4315 eorum,

235 4333 264 4382 ut
276 4334 415 4385 uranturet
424 4334 623 4400 undantesque
633 4335 660 4385 in
674 4335 851 4397 sempiternum
861 4338 870 4397 (
880 4336 944 4384 xvi.
956 4341 994 4385 2⁰.
1008 4339 1047 4384 tt.
1060 4333 1083 4397 i»
