2872 5062
247 341 316 412 324
444 361 505 411 nn.
527 360 550 410 ι.
572 360 805 412 secunaum.
827 361 867 412 on
885 360 1016 412 nirata.
1038 360 1145 412 crvnr.

245 508 320 555 cum
346 481 521 579 parochis,
546 506 620 554 cum
643 481 779 578 optimis
802 480 993 580 quibusque
1019 467 1269 555 sacerdotibus:
1291 470 1350 556 eos

245 597 415 695 tamquam
440 596 611 668 invasores
635 595 715 691 regii
739 595 823 666 iuris
841 595 1038 682 traducunt,
1060 595 1195 668 adeum
1213 595 1351 669 modum

243 737 310 810 quo
335 711 436 810 lupus
462 711 622 785 adversus
648 737 770 807 agnum
797 711 992 797 insurrexit,
1013 737 1053 785 eo
1070 709 1161 810 quod
1178 710 1288 785 iocum
1307 729 1352 786 te

243 853 327 900 nens
353 826 542 900 inferiorem
563 827 607 913 ei,
631 827 690 926 qui
708 828 864 924 superius
890 841 980 899 esset
1005 819 1148 924 positus,
1170 826 1354 900 turbaverit

128 956 132 963 “
243 968 377 1041 aquam.
400 942 459 1028 lis,
482 942 541 1040 qui
558 942 594 1012 in
612 941 754 1014 historia
779 940 930 1040 hospites
956 941 1056 1040 plane
1080 965 1149 1012 non
1173 941 1263 1028 sint,
1293 967 1354 1040 pa-

243 1057 340 1144 tebit,
357 1083 409 1142 ea,
427 1083 514 1156 quae
527 1057 686 1144 dicimus,
702 1058 881 1154 genuinam
895 1055 1019 1129 referre
1031 1046 1207 1130 historiam
1220 1081 1349 1145 eorum,

242 1197 329 1270 quae
346 1171 381 1241 in
399 1171 563 1244 eiusmodi
577 1171 648 1244 sive
660 1172 773 1268 regnis
787 1171 859 1243 sire
872 1169 1120 1269 rebuspubiicis
1134 1169 1256 1270 quovis
1269 1185 1353 1244 tem·

241 1311 322 1383 pore
339 1287 558 1383 contigerunt.
574 1288 693 1360 Verum
716 1313 801 1385 opus
826 1313 891 1361 non
910 1300 961 1359 est
979 1302 1017 1358 ut
1034 1286 1077 1358 ad
1095 1285 1351 1384 praeteritorum

242 1414 427 1499 temporum
445 1395 620 1476 historiam
639 1429 701 1476 nos
718 1417 970 1490 convertamus,
991 1427 1068 1474 cum
1086 1399 1199 1473 adhuc
1215 1399 1260 1473 ob
1277 1425 1352 1474 ocu·

241 1515 292 1590 los
318 1516 524 1603 habeamus,
554 1543 641 1616 quae
665 1543 731 1590 non
757 1517 803 1588 ita
828 1517 958 1614 pridem
984 1531 1078 1613 gesta
1103 1531 1183 1588 sunt
1200 1541 1276 1588 cum
1300 1541 1352 1587 ar·

241 1631 457 1732 chiepiscopo
486 1632 687 1727 friburgensi
706 1632 740 1702 in
758 1632 931 1727 Bisgovia,
952 1631 1064 1704 souin
1081 1656 1203 1727 magno
1225 1630 1350 1705 ducatu

240 1744 403 1833 Badensi,
431 1771 492 1818 nec
517 1771 583 1818 non
609 1771 685 1816 oum
710 1744 787 1816 aliis
812 1745 983 1843 episcopis
1005 1760 1038 1816 et
1057 1743 1290 1818 sacerdotibus
1315 1745 1350 1816 in

242 1859 364 1933 ducatu
389 1860 619 1946 nassaviensi,
641 1860 675 1930 in
693 1859 865 1946 Helvetia,
893 1860 927 1930 in
953 1858 1126 1957 republica
1150 1861 1352 1956 Neo-grana·

240 1975 347 2060 tensi,
376 1974 521 2072 aliisque
544 1972 746 2060 ditionibus,
774 1973 903 2046 utalia
928 1988 1149 2072 praeteream,
1178 1999 1268 2072 quae
1292 1999 1351 2046 an·

240 2089 294 2162 nis
317 2089 546 2187 superioribus
564 2089 599 2159 in
617 2114 721 2186 regno
739 2089 918 2162 Borussiae
934 2103 967 2161 et
983 2087 1065 2160 alibi
1091 2087 1197 2162 oculis
1223 2088 1349 2162 nostris

239 2205 486 2302 conspeximus.
508 2203 550 2275 Et
566 2201 650 2275 haec
667 2203 803 2301 quidem
825 2201 909 2273 nihil
932 2201 1085 2275 obstante
1105 2200 1243 2302 publica
1260 2200 1347 2287 fide,

242 2319 441 2418 interposita
465 2320 565 2391 etiam
591 2319 793 2419 quandoque
818 2317 1036 2391 iurisiurandi
1063 2315 1225 2414 religione
1242 2315 1285 2390 de
1303 2342 1351 2391 ec

239 2433 362 2507 clesiae
378 2433 564 2508 catholicae
590 2434 720 2506 iuribus
745 2431 1078 2507 sancte‘serrandis.

313 2547 407 2620 Hanc
433 2549 543 2646 ipsam
570 2549 689 2645 agendi
716 2548 878 2621 rationem
909 2546 1101 2619 didicerunt
1124 2545 1224 2637 haud.
1243 2572 1351 2646 pauca

239 2661 476 2734 catholicorum
510 2661 697 2759 gubernia3
732 2688 809 2733 nam
834 2662 952 2737 eadem
978 2659 1140 2734 ecelesiae
1163 2660 1349 2735 catholicae

242 2776 316 2849 iura
341 2775 522 2863 invadunt,
552 2794 589 2849 ut
613 2778 643 2849 ei
669 2776 902 2864 dominentur,
932 2775 1204 2874 archiepiscopos
1226 2792 1259 2850 et
1278 2776 1349 2875 epi·

240 2892 379 2991 scopos,
408 2891 467 2990 qui
493 2917 575 2965 suae
599 2890 827 2990 obsequuntur
853 2891 1095 2977 conscientiae,
1116 2913 1178 2963 nec
1200 2917 1268 2964 non
1291 2917 1349 2992 pa·

242 3005 382 3092 rochos,
412 3006 713 3105 sanctissimosque
733 3005 921 3079 sacerdotes
946 3004 1045 3078 bonis
1067 3003 1258 3101 expoliant,
1287 3019 1349 3078 tor·
1416 3027 1420 3036 ’

239 3136 360 3218 quent,
381 3137 513 3208 vexant,
531 3119 630 3193 exibo
651 3118 811 3206 multant,
832 3145 872 3192 eo
893 3119 984 3217 quod
1001 3117 1104 3191 velint
1120 3115 1264 3214 reddere·
1278 3118 1348 3191 Deo

239 3261 326 3332 quae
345 3236 406 3306 Dei
428 3253 522 3321 sunt,
544 3261 605 3308 nec
626 3260 686 3322 ea,
711 3261 797 3333 qnae
821 3234 882 3306 Dei
909 3249 1004 3320 sunt,
1032 3230 1172 3332 prodere
1191 3231 1344 3306 Caesari.

310 3349 412 3422 Dirae
430 3350 621 3423 istiusmodi
640 3349 749 3423 luctae
766 3337 931 3422 interdum
955 3374 1015 3445 per
1037 3357 1143 3420 annos
1169 3372 1210 3420 ac
1234 3344 1349 3420 'secula

240 3461 439 3561 perdurant,
477 3465 583 3538 donec
605 3464 751 3538 tandem
786 3463 929 3538 ecclesia
954 3489 1017 3539 sua
1051 3462 1142 3560 ipsa.
1157 3461 1348 3552 resistentia

239 3578 310 3652 sive
323 3579 439 3677 potius
454 3581 614 3678 patientia
635 3580 757 3676 iugiter
778 3580 916 3654 vincens
933 3577 1070 3677 plenum
1091 3575 1213 3650 referat
1231 3578 1348 3651 trium-

239 3693 357 3792 phum.
387 3694 539 3767 Attamen
562 3721 624 3768 vae
646 3695 745 3782 filiis,
771 3696 829 3794 qui
848 3697 1009 3767 moestitia
1025 3708 1103 3765 sant
1118 3695 1237 3803 mqtris
1252 3720 1343 3778 sune,

240 3826 310 3881 tum
337 3809 370 3880 in
395 3809 561 3907 praesenti
587 3826 655 3881 tum
675 3811 710 3882 in
728 3810 837 3883 futuro
860 3809 1004 3884 saeculo.
1025 3807 1158 3882 Etenim
1178 3808 1345 3883 eiusmodi

239 3924 357 3998 furiosi
375 3923 539 3997 ¹ecclesiae
557 3924 671 3998 hostes
688 3925 855 3998 bullarum
868 3925 983 3998 instar
1001 3949 1103 4022 super
1119 3949 1228 4023 aquas
1244 3949 1346 3997 emer·

239 4041 388 4138 gentium
414 4039 506 4113 brevi
532 4056 705 4115 transeunt
722 4057 823 4140 atque
840 4055 1062 4126 evanescunt,
1076 4037 1346 4139 >districtumque

239 4155 400 4228 iudicium
427 4156 516 4257 apud
550 4156 1040 4255 ipsiusecciesiaesponsum
1065 4154 1256 4254 aliquando
1272 4153 1345 4228 sub

240 4270 346 4344 ibunt.
369 4272 498 4346 Interea
525 4298 635 4346 nonne
659 4274 868 4371 tyrannicum
882 4288 963 4370 Uest,
986 4270 1148 4346 eeclesiae
1174 4270 1345 4374 ministros
