2872 5062
243 286 310 357 mr
384 313 387 317 ·
433 310 495 359 un.
517 309 550 358 ιι.
572 307 870 358 ιιοι.ιιιιιι.ιιι
894 307 1027 359 nurus.
1050 308 1157 365 οιιιιι.
1200 358 1203 363 .

313 426 396 499 Cum
430 451 509 499 vero
535 424 677 498 fateatur
701 440 811 499 orator
834 423 941 522 legem
966 425 1038 499 lore
1061 427 1346 514 auticotltolr'com,

241 547 272 618 si
298 544 390 616 iuxta
414 540 598 616 catholicos
617 539 746 614 nullum
764 540 856 615 aliud
877 540 1069 639 coniugium
1094 542 1246 618 fidelium
1271 545 1353 622 reli·

240 660 320 732 dum
347 659 409 744 sit,
437 657 505 730 nisi
530 657 622 757 quod
639 657 674 729 in
694 657 779 731 facie
796 655 958 730 ecclesiae
975 656 1181 747 celebretur,
1206 685 1354 761 cumque

240 775 286 850 sit
297 773 738 874 exploratum,ubicumque
750 772 973 872 promulgatio
985 772 1100 847 bubitn
1112 789 1164 848 est
1176 774 1351 850 tridentini

240 890 384 977 decreti,
411 888 541 961 nullum
565 887 702 962 omnino
720 912 760 960 ιο
781 886 965 962 invalidum
982 913 1059 962 esse
1078 888 1349 980 matrimonium,

240 1007 330 1108 quod
356 1031 467 1080 coram
493 1004 640 1104 parocho
666 1031 733 1078 non
758 1003 857 1077 luerit
881 1003 1100 1093 celebratum,
1128 1005 1277 1105 prolecto
1305 1034 1349 1082 ex

240 1125 316 1224 ipsa
340 1121 481 1197 oratoris
507 1120 736 1208 confessione,
767 1146 820 1194 res
845 1134 937 1194 esset
960 1119 1061 1220 plane
1084 1120 1248 1195 conlecta.

312 1238 364 1310 Ad
381 1236 417 1310 id
433 1262 512 1311 vero
530 1237 619 1336 quod
639 1236 702 1323 ait,
721 1235 862 1333 intelligi
881 1261 947 1309 non
967 1262 1067 1335 posse
1086 1237 1258 1336 quomodo
1278 1264 1352 1312 ma-

240 1353 453 1439 trimonium,
482 1352 571 1450 quod
591 1377 651 1450 per
667 1377 705 1424 se
722 1365 774 1425 est
791 1365 999 1439 contractus,
1019 1351 1121 1425 simul
1138 1377 1178 1425 ac
1198 1370 1349 1428 erectum

239 1468 303 1542 luit
326 1469 369 1542 ad
395 1467 595 1542 sacramenti
613 1467 827 1564 dignitatem,
852 1466 1078 1566 inseparabile
1097 1469 1279 1542 eraserita
1295 1478 1352 1544 ει·

239 1599 427 1670 eramento,
451 1598 552 1681 atque
578 1607 599 1654 a
623 1580 714 1653 civili
740 1597 903 1680 potestate
927 1580 1027 1656 luerit
1051 1581 1276 1671 subtractum,
1298 1610 1351 1657 re-

240 1699 446 1800 spondemus
471 1696 679 1771 connubium
703 1721 780 1769 esse
805 1712 1010 1770 contractum
1035 1697 1089 1773 sui
1115 1699 1267 1795 generis,
1291 1700 1349 1799 qui

239 1840 316 1888 cum
341 1813 461 1893 ceteris
486 1811 673 1912 comparari
699 1837 766 1885 non
791 1828 910 1911 potest.
932 1812 1063 1886 Etenim
1088 1830 1352 1889 contractasset

240 1954 340 2029 quem
366 1929 456 2001 lleus
482 1928 558 2028 ipse
581 1926 791 2001 constituite
808 1926 925 1999 mundi
953 1927 1149 2026 primordiis
1170 1945 1350 2029 autequam

240 2044 375 2144 leguleii
394 2070 433 2118 ao
450 2043 648 2117 tabelliones
666 2042 861 2130 existerent,
883 2069 1050 2142 quemque
1066 2043 1157 2118 Deus
1174 2044 1250 2145 ipse
1266 2045 1351 2120 rexit

240 2176 309 2236 tum
329 2161 371 2232 in
397 2160 469 2258 lege
494 2175 650 2245 naturae,
679 2174 747 2231 tum
773 2157 809 2229 in
835 2156 909 2256 lege
933 2158 1075 2258 scripta,
1096 2185 1263 2260 quemque
1280 2176 1351 2234 ten·

239 2280 316 2352 dem
342 2276 496 2350 Christus
521 2277 611 2348 Deus
630 2275 671 2348 ad
690 2274 890 2348 sacramenti
907 2274 1104 2372 dignitatem
1121 2277 1240 2351 evexit.
1265 2277 1350 2351 Cum

240 2420 318 2468 vero
344 2407 534 2467 contractus
559 2417 625 2464 non
652 2417 733 2489 pars
759 2391 804 2463 sit
829 2391 1048 2480 sacramenti,
1077 2392 1137 2465 sed
1162 2392 1274 2490 ipsum
1304 2411 1350 2468 to·

240 2527 309 2583 tum
336 2523 601 2594 sacramentum,
629 2506 673 2578 nb
698 2532 738 2578 eo
763 2506 910 2606 separari
936 2531 1003 2579 non
1028 2522 1154 2606 potest3
1174 2535 1239 2583 nec
1258 2509 1348 2582 enim

240 2623 395 2697 Christus
427 2639 632 2696 contractum
666 2622 810 2695 evehens
843 2623 885 2695 ad
919 2623 1119 2696 sacramenti
1153 2623 1347 2722 dignitatem

240 2739 363 2815 adiecit
387 2738 490 2812 alium
516 2736 695 2836 quemdam
722 2753 851 2823 ectum,
880 2737 940 2810 sed
967 2737 1075 2813 solum
1100 2741 1262 2813 annexuit
1282 2741 1347 2841 ipsi

241 2856 332 2929 actui
358 2851 577 2928 contrahendi
603 2852 763 2949 gratiam3
783 2878 853 2951 quo
878 2853 915 2926 fit
931 2869 969 2927 ut
986 2869 1131 2954 nequeat
1146 2856 1288 2930 alterum
1304 2856 1349 2930 ab

239 2969 343 3045 altero
369 2968 537 3068 separari,
565 2955 647 3067 quin
673 2966 873 3040 destruatur.
1220 2974 1223 2978 ’

312 3086 354 3157 tlt
378 3099 489 3158 orator
512 3082 611 3156 vellet
635 3097 671 3154 ut
696 3082 861 3155 eiusmodi
887 3084 1160 3182 inseparabilitas
1176 3088 1278 3161 certis
1296 3114 1347 3161 ar-

240 3200 407 3296 gumentis
436 3199 735 3284 demonstraretur,
762 3212 820 3271 eut
844 3225 884 3271 ex
910 3198 1034 3272 Christi
1060 3198 1262 3276 institutoris
1290 3229 1346 3277 vo-

241 3313 385 3399 luntate,
413 3330 471 3388 aut
495 3341 535 3387 ex
560 3314 608 3385 rei
634 3329 771 3400 natura,
792 3330 849 3387 aut
866 3340 906 3386 ex
923 3313 1085 3389 ecclesiae
1101 3315 1267 3391 doctrina.
1286 3319 1347 3392 lle-

242 3429 398 3528 ponimus
420 3429 572 3502 eamdem
586 3454 701 3502 revera
713 3455 753 3501 ex
768 3429 890 3528 triplici
904 3430 968 3504 hoc
980 3431 1088 3533 capite
1105 3430 1343 3509 demonstrari:

241 3545 473 3647 quodclarius
491 3544 618 3645 patebit
643 3543 723 3617 dum
750 3544 883 3643 singula
904 3544 1111 3634 refellemus,
1132 3573 1222 3648 quae
1237 3565 1348 3624 orator

241 3654 397 3762 protulit,
424 3676 461 3733 ut
485 3685 525 3733 ex
550 3659 673 3760 triplici
700 3685 739 3733 eo
761 3661 872 3760 capite
895 3662 1096 3735 eontrarium
1121 3663 1237 3772 potius
1260 3664 1347 3739 erin·

240 3784 340 3850 'reret
967 3790 970 3797 '
1178 3802 1181 3807 ·

314 3891 430 3989 ltaque
455 3889 498 3962 ad
522 3892 556 3960 1.
579 3889 825 3992 Probationem,
853 3891 949 3989 quod·
968 3890 1123 3965 Christus
1147 3891 1293 3967 noluerit
1311 3892 1345 3964 id

242 4004 421 4102 quoderat
445 4003 584 4075 dominii
609 4003 717 4077 civilis
735 4003 778 4077 ad
796 4003 970 4081 ecclesiam
989 4005 1141 4101 devolvi,
1161 4022 1196 4081 et
1212 4033 1275 4082 nos
1296 4032 1345 4081 as

242 4118 421 4206 sentimur,
445 4145 485 4193 ac
506 4118 698 4217 profitemur
723 4105 892 4192 reddenda
910 4146 987 4203 esse
1002 4120 1136 4195 Caesari
1158 4139 1347 4222 quaesunt

242 4235 422 4321 Caesaris,
453 4234 633 4308 dummodo
660 4234 758 4308 etiam
790 4234 957 4322 addetur,
987 4237 1076 4335 quod
1104 4237 1285 4337 sequitur:
1317 4253 1346 4309 ct
