2872 5062
230 383 1132 438 cerneremur.nne.nnnm.sscn.rnr.11.nno.rnnn.
1194 364 1263 436 1tt

229 506 345 580 Nonus
370 501 578 579 est-concilii
602 500 824 579 lateranensis
842 504 901 577 111.
923 505 982 603 qui
1000 505 1168 579 invenitur
1184 500 1270 581 inter

156 618 347 695 Decretales
364 620 424 692 lib.
440 618 477 691 Vss
498 622 546 692 lie
562 622 702 693 simonio
720 616 770 694 tit.
791 621 849 692 lll.
867 646 897 693 c.
916 623 949 691 9.
969 620 1052 692 Cum
1067 620 1103 692 irs
1119 622 1264 694 ecclesia.

155 738 208 810 lta
218 736 298 809 vero
311 761 349 808 se
361 735 477 809 babet:
501 765 520 804 o
530 734 697 808 Horribile
714 733 814 808 nimis
827 748 894 821 est,
910 735 1000 834 quod
1017 734 1052 806 in
1065 734 1269 834 quibusdam

157 850 310 925 ecclesiis
323 851 433 924 locum
441 848 605 923 venalitas
619 848 815 949 perhibetur
823 848 961 922 babere:
973 850 1018 924 ita
1026 865 1064 924 ut
1073 877 1133 950 pro
1142 850 1270 950 episco-

156 967 224 1066 pis,
234 966 289 1040 rel
301 964 491 1051 abbatibus,
503 990 565 1039 seu
579 963 848 1065 quibuscumque
865 966 1018 1064 personis
1031 965 1269 1041 ecclesiasticis

156 1082 323 1182 ponendis
341 1081 381 1154 'iu
407 1081 546 1168 sedem,
575 1107 635 1154 seu
660 1079 898 1155 benedicendis
924 1081 1129 1182 presbyteris
1154 1081 1189 1154 in
1214 1107 1270 1157 ec·

157 1197 318 1285 clesiam,
342 1223 405 1271 uec
427 1223 494 1270 non
519 1223 581 1296 pro
600 1197 805 1296 sepulturis,
818 1196 859 1270 'et
874 1197 1026 1297 exequiis
1044 1195 1265 1286 mortuorum,

157 1313 504 1389 commestionibus
530 1314 746 1402 nubentium,
776 1341 835 1388 seu
861 1313 938 1387 aliis
963 1315 1182 1388 sacramentis
1207 1314 1271 1389 ali·

153 1430 239 1529 quid
254 1425 464 1530 requiratur.
480 1426 488 1502 ’.
505 1487 512 1502 .
530 1431 599 1504 ‚Ne
615 1429 716 1527 igitur
732 1430 818 1504 baec
835 1429 878 1503 de
894 1445 1004 1503 cetero
1021 1429 1120 1519 liant,
1135 1425 1192 1504 ¹uel
1208 1455 1270 1530 pro

158 1545 309 1643 personis
334 1545 573 1618 ecclesiasticis
599 1543 804 1618 deducendis
831 1545 866 1616 in
892 1543 1025 1631 sedem,
1044 1543 1097 1617 vel
1115 1545 1272 1619 sacerdo-

157 1659 247 1735 tibus
264 1657 497 1750 instituendis,
516 1656 570 1734 uel
588 1655 792 1761 sepeliendis
816 1661 969 1749 mortuis,
991 1687 1054 1734 sen
1069 1659 1270 1734 benedicen-

157 1777 210 1850 dis
228 1775 456 1865 nubentibus,
477 1802 537 1850 seu
552 1771 631 1851 'aliis
649 1777 866 1854 sacramentis
884 1769 1108 1865 conferendis,
1128 1802 1191 1850 sou
1206 1776 1272 1851 cel*

160 1892 239 1966 latis
249 1886 379 1992 aliquid
392 1893 545 1990 exigatur
560 1893 745 1967 districtius
763 1891 993 2005 probibemus.
998 1886 1212 1992 »Numquid
1217 1892 1270 1967 vel

158 2004 300 2106 alonge
323 2002 532 2123 quidpiam
524 2009 714 2082 insinuatur
730 2000 785 2081 bis
802 2007 913 2081 verbis
938 2009 1029 2081 unde
1053 2007 1164 2104 colligi
1189 2032 1271 2124 pos·

157 2119 206 2198 sit
233 2118 467 2198 benedictione
500 2119 685 2199 sacerdotis
710 2125 831 2199 confici
856 2125 1048 2223 nuptiarum
1080 2143 1271 2196 sacramen-

158 2258 247 2328 tum,
271 2242 317 2314 ita
340 2256 378 2313 ut
402 2241 432 2314 si
457 2232 673 2315 sacerdotalis
698 2241 864 2314 eiusmodi
888 2239 1076 2313 benedictio
1093 2264 1160 2311 non
1178 2262 1270 2310 acce-

158 2359 269 2445 deret,
298 2358 501 2431 matrimonii
535 2347 669 2459 proprie
694 2373 938 2431 sacramentum
965 2381 1031 2428 non
1058 2353 1268 2428 baberetur?

158 2473 209 2545 Nil
234 2473 368 2547 minus,
387 2472 543 2573 Aliequin
569 2500 645 2547 cum
671 2460 773 2546 illud:
802 2474 941 2571 aliisque
965 2461 1175 2545 sucranteutis
1200 2491 1268 2543 non

158 2590 258 2664 modo
285 2577 557 2662 benedictionibus
591 2591 799 2674 nubentium,
816 2615 942 2662 ¹verum
967 2587 1069 2661 etiam
1093 2586 1269 2686 sepulturis

158 2720 187 2777 et
208 2693 368 2804 exequiis
378 2719 578 2777 mutumum
594 2721 742 2805 aptetur,
762 2729 973 2804 consequens
991 2702 1076 2776 ioret
1090 2729 1131 2776 ex
1148 2702 1268 2775 borum

159 2818 388 2916 theologorum
413 2820 707 2920 interpretatione,
722 2835 793 2892 tum
811 2818 1000 2919 sepulturas
1026 2822 1097 2891 tum
1123 2834 1270 2891 monuo*

160 2959 234 3007 rum
261 2924 448 3034 exequias,
464 2960 552 3034 quae
576 2924 650 3008 sine
674 2935 860 3010 ministerio
875 2925 1062 3009 sacerdotis
1078 2958 1146 3006 non
1163 2932 1265 3020 fiunt,

158 3050 295 3124 totidem
309 3067 409 3125 'esse'
421 3042 643 3139 sacramenta,
664 3052 754 3151 quod
772 3074 992 3124 nemo‘sanus
1009 3049 1140 3121 dixerit.
1162 3047 1268 3145 igitur

159 3165 232 3239 heio
250 3166 596 3266 poniturbenedictio
608 3168 820 3267 nuptiarum,
840 3167 921 3267 quia
937 3166 1021 3240 baec
1033 3181 1085 3238 est
1097 3165 1132 3239 id
1143 3185 1267 3251 unum,

159 3281 248 3380 quod
273 3281 428 3354 minister
452 3282 614 3356 eeclesiae
638 3293 804 3382 praestat,
825 3298 858 3356 et
875 3308 936 3382 pro
960 3308 1028 3382 quo
1053 3280 1201 3381 proinde
1209 3281 1271 3355 sti-

160 3397 320 3508 pendium
345 3385 520 3497 acceptare
543 3425 646 3499 posse
670 3399 736 3473 sibi
760 3399 890 3473 videtur
911 3399 1000 3494 (11).
1017 3400 1133 3544 ltaque
1157 3413 1205 3473 et
1214 3397 1271 3530 hie

162 3526 267 3587 textus
294 3512 510 3612 seponendus
536 3529 645 3587 est·
1265 3550 1268 3555 ·

228 3717 280 3780 (ιι)
297 3719 361 3768 Sene
377 3719 483 3768 menum
494 3731 628 3782 numquam
649 3718 723 3768 imese
743 3731 812 3769 conc.
830 3718 986 3769 laurentii.
998 3719 1270 3783 adsequenecnteran·

161 3794 203 3847 dre
212 3798 257 3848 iti.
265 3795 314 3848 sub
323 3810 375 3861 quo
385 3797 516 3848 eoncssium
527 3798 677 3849 eelebretum
685 3800 735 3860 est,
745 3798 782 3849 uti
792 3797 945 3849 manuelem
956 3801 1108 3849 sacramento
1120 3797 1270 3847 matrimonii

161 3874 288 3928 doearuere
297 3875 492 3928 benedictionem
498 3879 673 3929 sacerdotalem
681 3877 806 3929 evidenter
813 3881 908 3929 consui
915 3892 945 3929 ex
953 3879 1086 3943 appendice
1095 3877 1205 3928 eiusdem
1214 3889 1271 3926 con·

161 3956 206 4008 citii
213 3960 279 4022 part.
284 3959 417 4021 ticeps.
423 3957 600 4010 ubi-exhibetur
605 3958 700 4010 laudati
708 3958 829 4023 pontilicis
836 3960 980 4023 rescriptum
988 3959 1027 4011 bis
1032 3958 1114 4010 verbis
1119 3969 1271 4021 expressum:

164 4038 262 4101 «snper
274 4038 322 4088 boc
333 4037 487 4101 inquisitioni
500 4040 558 4090 tuae
575 4038 657 4090 taliter
670 4038 858 4104 respoudemns;
870 4039 938 4104 qued
950 4039 971 4090 si
983 4039 1105 4103 legitimus
1115 4048 1273 4090 ceuseuurse

161 4115 291 4181 (iorteec)
301 4117 468 4182 solemnitate,
478 4133 527 4184 qua
538 4119 592 4171 lieri
601 4121 677 4184 solet,
692 4123 818 4185 praesente
831 4120 969 4183 secerdote,
982 4122 1031 4172 eut
1042 4121 1123 4170 ettam
1133 4121 1190 4168 eius
1199 4119 1273 4168 nom·

162 4196 279 4257 rusius
288 4195 364 4248 etism
374 4197 401 4248 in
409 4197 557 4262 qubusdam
567 4199 628 4250 locis
638 4199 718 4251 adhuc
727 4200 883 4263 observatur,
891 4212 975 4251 eoram
984 4197 1078 4249 idoneis
1088 4195 1191 4249 testibus
1199 4195 1273 4248 inter·

163 4276 241 4327 veniet
250 4276 283 4328 de
294 4278 430 4342 praesenti,
442 4278 477 4329 ita
487 4279 555 4343 quod
567 4293 631 4330 uuus
641 4280 718 4330 elium
729 4281 833 4332 insuam
842 4282 1055 4331 mutuocensensu
1063 4276 1145 4328 verbis
1153 4276 1274 4341 expressis

164 4355 274 4420 recipiet,
284 4355 411 4421 utrimque
419 4355 536 4409 dicende:
548 4360 604 4423 Epo
612 4361 638 4410 te
647 4362 743 4424 sceptu
753 4362 782 4412 tn
793 4371 887 4423 mors,
900 4361 926 4411 et
935 4372 981 4423 epo
990 4361 1015 4410 te
1026 4359 1122 4416 recipie
1131 4359 1160 4411 itt
1168 4368 1275 4416 neuter
