2872 5062
247 340 316 418 301
447 367 509 417 nn.
530 367 554 417 r.
575 365 662 417 secr.
683 365 814 416 6666.
834 366 874 416 or
891 364 1024 416 66661.
1040 364 1149 415 cunr.

244 513 355 562 rarum
385 486 581 580 auctoritate
605 484 803 584 permoveri.
837 484 969 557 Passim
1000 482 1151 580 arguitur
1180 481 1357 558 leroboum

243 630 311 678 non
341 602 451 678 solum
484 603 567 703 qnia
596 603 761 702 peccavit,
791 600 978 675 sedetiam
1007 600 1089 700 quia
1118 626 1254 697 peccorc
1282 604 1363 701 fecit

242 721 350 795 Israel
365 722 432 816 (7);
449 719 599 819 idipsum
625 718 768 816 legimus
788 717 831 790 de
847 718 962 803 1661,
989 717 1124 802 Achab,
1144 716 1291 818 aliisque
1307 746 1364 791 re·

245 835 345 936 gibus
379 834 505 922 lsrael,
533 850 567 908 et
590 835 656 908 hac
680 834 724 906 16
747 859 852 907 causa
877 835 968 907 Deus
992 860 1052 907 cos
1078 859 1182 932 saepe
1213 834 1360 922 afflixit,

244 951 352 1026 16666
375 966 409 1024 et
432 949 603 1050 principes
620 964 653 1023 et
670 949 1044 1049 populumuuiversum
1069 949 1288 1048 disperserit;
1312 951 1364 1023 sic

244 1069 334 1142 anim
352 1067 489 1164 legitur:
509 1097 526 1136 a
542 1066 650 1139 donec
667 1066 844 1164 proiicerct
857 1071 920 1140 eos
938 1093 959 1138 a
977 1065 1064 1139 [acie
1081 1091 1144 1139 sua
1160 1090 1201 1137 ex
1218 1091 1260 1136 66
1278 1081 1363 1137 tem-

245 1211 347 1286 pore,
375 1210 443 1285 quo
477 1183 607 1258 scissus
632 1198 685 1257 est
709 1181 814 1256 lsrael
839 1209 859 1254 a
885 1183 984 1255 domo
1014 1183 1149 1266 David,
1177 1197 1210 1255 et
1234 1181 1363 1255 consti-

246 1314 383 1374 tuerunt
400 1292 658 1371 sibi'leroboam
683 1297 790 1370 filium
817 1296 969 1383 Nabum,
995 1296 1166 1395 separavit
1186 1294 1362 1368 laroboam

247 1413 353 1488 lsrael
366 1440 387 1486 a
399 1413 560 1499 Domino,
576 1428 607 1486 ct
614 1440 749 1512 peccare
764 1440 815 1486 eos
827 1414 907 1512 fecit
915 1427 1086 1512 peccatum
1098 1439 1254 1510 mcqcum
1269 1415 1360 1507 (8).»

247 1530 399 1630 ldipsum
426 1528 615 1626 legitur-de
640 1528 775 1626 regibus
801 1529 901 1617 1616,
924 1530 984 1628 661
1010 1555 1076 1602 666
1102 1527 1202 1602 modo
1227 1554 1364 1627 pracva-

248 1645 408 1719 ricatores
434 1642 524 1743 ipsi,
545 1642 606 1716 sed
630 1660 663 1716 et
688 1642 813 1743 populo
837 1646 997 1718 universo
1022 1660 1176 1718 auctores
1202 1643 1359 1730 fuerunt,

246 1776 285 1834 ut
307 1760 370 1832 Dei
394 1759 501 1857 legem
528 1759 827 1857 praevaricaretur.

321 1875 419 1961 Quod
444 1875 474 1949 si
500 1875 577 1962 isti,
606 1874 667 1975 qui
687 1874 764 1948 sola
788 1876 992 1977 quandoque
1023 1876 1167 1975 exempli
1199 1875 1363 1973 gravitate

248 1989 337 2064 alios
367 1989 573 2064 seduxerunt
598 1990 648 2080 adj
668 1989 901 2091 peccandum,
938 1992 1160 2064 traducuntur
1184 1991 1220 2062 in
1244 1988 1363 2062 Bibliis

248 2122 420 2207 tamquam
446 2107 640 2205 gravissimi
663 2104 713 2180 'rei
739 2107 908 2193 criminis,
929 2108 1011 2208 quid
1034 2107 1242 2181 censendum
1269 2123 1364 2206 puta

247 2220 361 2296 bimus
377 2223 421 2297 16
437 2223 500 2310 116,
525 2224 586 2322 661
612 2223 781 2323 apposite,
802 2223 877 2320 lege
893 2224 973 2311 lata,
996 2224 1120 2325 populo
1139 2223 1231 2297 fideli
1250 2240 1363 2296 aucto-

248 2364 304 2411 res
320 2354 421 2425 sunt,
446 2355 484 2410 ut
508 2338 602 2436 gravi
629 2365 667 2412 se
691 2338 826 2437 piaculo
851 2339 1071 2413 commaculet
1094 2365 1156 2439 per
1180 2354 1364 2436 transgres

249 2453 379 2527 sionem
407 2454 591 2527 sanctionis
612 2454 648 2525 in
665 2480 702 2526 re
719 2456 832 2551 gravis
857 2455 943 2528 adeo
969 2456 1126 2529 momenti
1151 2455 1196 2527 ab
1221 2454 1364 2528 ecclesia

249 2567 478 2640 constitutae?
503 2568 636 2641 Etenim
670 2568 775 2641 semel
807 2569 876 2642 lata
908 2568 1004 2667 lege,
1035 2597 1104 2670 qua
1128 2568 1289 2643 omnibus
1312 2569 1363 2639 iu-

250 2682 508 2755 discriminatim
534 2683 680 2757 subditis
700 2685 738 2758 fit
757 2701 926 2784 potestas,
946 2703 984 2758 ut
1004 2685 1087 2759 solis
1105 2709 1142 2759 se
1159 2684 1363 2782 coniungant

249 2797 406 2871 civilibus
431 2799 578 2898 nuptiis,
599 2800 682 2900 quin
708 2800 751 2873 61
777 2801 954 2875 ecclesiam
973 2827 1010 2874 se
1024 2801 1214 2888 conferant,
1235 2826 1363 2874 coram·

247 2939 318 3013 que
343 2912 517 2987 sacerdota
543 2939 580 2986 se
605 2913 741 3001 sistant,
768 2915 883 3013 plures
909 2942 1042 3014 semper
1067 2915 1291 3013 paucioresve
1314 2940 1363 2986 re

249 3030 440 3130 perientur,
461 3029 535 3130 qui,
556 3031 761 3104 conscicntia
782 3032 993 3130 posthabita,
1013 3030 1106 3104 haud
1129 3047 1289 3104 verentur
1310 3055 1363 3102 66-

249 3144 373 3217 clesiae
398 3145 643 3245 praescriptum
666 3146 856 3244 negligere,
878 3164 936 3220 aut
956 3147 1058 3220 etiam
1076 3172 1238 3246 spernere
1254 3145 1362 3220 civilis

251 3261 366 3332 statuti
401 3261 572 3359 praesidio
603 3262 746 3336 suffulti.
776 3263 894 3362 ltaque
924 3289 1040 3338 eorum
1066 3263 1188 3360 agendi
1215 3263 1360 3337 ratioin

249 3372 357 3470 legem
381 3376 492 3473 ipsam
517 3376 649 3451 civilem
673 3379 815 3478 eiusque
839 3378 963 3452 latores
981 3396 1152 3479 tamquam
1169 3380 1206 3450 in
1224 3405 1361 3452 causam

252 3489 382 3562 recidit.
412 3491 497 3588 Lege
527 3493 694 3591 siquidem
722 3520 789 3566 non
814 3494 1001 3583 existente,
1039 3495 1224 3594 numquam
1254 3495 1304 3566 ita
1328 3519 1363 3566 se

251 3620 415 3700 gererent.
444 3605 609 3691 Quocirca
634 3624 799 3708 quotquot
823 3608 966 3709 positive
990 3625 1194 3683 concurrunt
1212 3610 1257 3682 ad
1274 3635 1363 3682 eam-

251 3718 328 3793 dam
352 3719 461 3818 legem
492 3723 734 3812 sanciendam,
767 3751 982 3825 quacumque
1006 3726 1141 3798 demum
1167 3726 1297 3799 ratione
1321 3721 1361 3796 ad

251 3834 343 3909 hunc
356 3862 495 3936 scopum
508 3838 758 3938 assequendum
775 3857 903 3939 partem
917 3840 1082 3928 habeant,
1098 3835 1134 3912 in
1146 3865 1253 3914 causa
1265 3855 1357 3922 sunt,

252 3967 288 4022 ut
320 3949 433 4051 plures
463 3953 713 4026 sanctissimam
748 3956 1052 4053 gravissimamque
1077 3953 1243 4030 ecclesiae
1268 3979 1361 4055 prae·

250 4065 467 4166 scriptionem
501 4069 800 4165 transgrediantur.

207 4243 210 4249 ¹
323 4226 738 4319 mmmmmmm

326 4334 694 4399 tensaurum,
775 4350 789 4361 .,
839 4354 843 4363 .
881 4356 885 4363 .
