2872 5062
228 331 297 404 396
421 351 482 402 sn.
504 351 527 400 ι.
549 349 636 401 asur.
659 350 790 401 masat.
813 350 853 400 na
879 350 1012 411 sarman
1034 349 1140 402 orvrtr.

225 468 489 555 vindicaverint3
514 466 670 541 Christus
694 493 773 541 vero
798 467 976 567 potestatis
1002 466 1180 564 religiosae
1203 467 1342 568 deposi-

227 586 349 658 tarium
374 582 484 658 solum
510 582 736 657 sacerdotium
762 609 862 655 sunm
888 583 977 657 lecit.
1002 583 1070 662 Nec
1095 583 1336 674 omittendum,

227 725 294 777 non
323 699 480 774 obstante
506 698 564 772 illa
587 698 767 798 utriusque
795 698 973 796 potestatis
1003 698 1255 798 permixtione,
1292 715 1345 776 ta·

228 841 306 889 men
332 814 552 916 imperatores
579 839 758 900 romanos,
786 829 823 886 ut
848 831 946 886 antea
971 813 1203 903 ostendimus,
1227 816 1345 890 matri-

226 931 388 1004 monialia
415 929 548 1028 negotia
574 928 790 1028 pontificibus
815 929 1054 1004 demandasse.

304 1046 347 1119 ΙΙ.
376 1044 489 1120 Altera
511 1045 655 1119 assertio
674 1070 741 1118 non
759 1071 799 1118 ex
818 1070 923 1119 sanae
943 1044 1130 1142 theologiae
1148 1045 1259 1133 fonte,
1281 1045 1344 1121 sed

228 1187 269 1234 ex
294 1161 523 1261 promptuario
548 1160 774 1261 Nepomuceni
804 1161 912 1260 Nuytz
943 1160 1147 1235 arcessenda
1172 1179 1250 1248 est,
1285 1162 1347 1262 qui
1406 1200 1409 1212 ·

227 1302 302 1353 eam
327 1303 350 1351 a
375 1277 543 1363 launoio,
572 1278 740 1352 launoius
762 1276 806 1350 ab
830 1292 984 1377 apostata
1007 1278 1058 1352 De
1078 1278 1260 1366 Dominis,
1289 1279 1349 1354 hio

227 1419 307 1471 vero
320 1420 454 1468 rursum
473 1395 516 1468 ab
535 1394 765 1469 schismaticis
781 1393 952 1470 Occhamo
970 1412 1004 1467 et
1018 1393 1169 1471 Marsilio
1182 1396 1347 1471 Patauino

229 1527 402 1587 mutuatus
416 1527 481 1585 est.
493 1511 664 1599 Doctrina,
681 1537 750 1611 qua
762 1511 925 1585 asseritur
935 1511 1128 1610 qualitatem
1139 1511 1344 1611 reliqt'osam,

229 1654 351 1728 nempe
378 1643 624 1703 sacramentum
650 1628 870 1726 supervenire
893 1642 927 1703 et
948 1628 1107 1703 accedere
1131 1627 1347 1704 matrimonio

230 1742 323 1819 cirili
348 1742 417 1817 iam
443 1742 478 1817 in
504 1769 567 1817 sua
589 1743 737 1817 essentia
757 1743 957 1829 constituto,
979 1757 1031 1819 est
1047 1769 1115 1816 una
1132 1769 1173 1817 en
1191 1743 1347 1820 thesibus

230 1884 251 1933 a
277 1859 336 1932 Pio
360 1858 418 1931 lx,
439 1858 613 1945 confictis,
641 1845 792 1958 adeoque
822 1876 875 1933 est
900 1859 1010 1946 salsa,
1046 1876 1080 1934 et
1108 1858 1220 1935 aliena
1245 1886 1267 1932 a
1291 1885 1349 1935 ca·

227 1972 353 2051 thelica
372 1964 545 2060 doctrina,
566 1973 659 2047 iuxta
679 2001 802 2073 quam,
824 1974 873 2049 uti
893 1975 1123 2061 ostendimus,
1139 1974 1346 2051 matrimonii

229 2106 476 2176 sacramentum
500 2091 539 2163 in
561 2090 637 2189 ipso
668 2106 839 2164 contractu
864 2109 898 2165 et
923 2117 983 2189 per
1015 2106 1223 2165 contractum
1259 2091 1348 2164 inter

228 2231 391 2306 personae
417 2204 584 2304 legitimas
610 2206 792 2305 perficitur.
822 2206 1019 2280 Contractus
1046 2231 1144 2304 porro
1169 2205 1344 2303 legitimus

230 2321 348 2402 haberi
373 2321 509 2421 nequit,
529 2322 589 2395 ubi
610 2323 826 2397 tridentinum
845 2320 1051 2421 publicatum
1073 2336 1143 2408 est,
1161 2322 1247 2420 quin
1264 2348 1347 2399 con-

229 2463 352 2514 sensus
386 2437 539 2511 eliciatur
566 2437 663 2537 juxta
691 2438 833 2512 sormam
858 2438 902 2511 ab
927 2438 1046 2511 eodem
1070 2436 1214 2512 concilio
1245 2464 1345 2538 prae-

228 2548 399 2652 scriptam.
421 2555 513 2630 Haec
532 2570 583 2627 est
599 2581 760 2652 germana
776 2554 942 2628 catholica
958 2554 1123 2629 doctrina.
1140 2554 1342 2630 Contractus

227 2669 368 2769 proinde
389 2670 500 2748 civilis
521 2671 646 2746 nullius
663 2671 788 2745 valoris
808 2688 862 2746 est
884 2673 921 2744 in
944 2671 1170 2747 conscientiae
1192 2671 1288 2761 loro,
1313 2689 1347 2746 et

227 2783 285 2883 qui
309 2809 350 2858 eo
376 2772 447 2857 solo
471 2800 611 2857 utuntur
631 2785 800 2858 fornicarii
832 2801 922 2858 sunt.

300 2901 359 2973 lll.
373 2900 484 2975 Tertia
501 2900 643 2974 assertio
661 2900 778 2972 nititur
791 2901 879 2974 falsa
896 2900 1097 3001 hypothesi,
1113 2901 1206 3000 quod
1221 2927 1349 3002 nempe

227 3017 398 3116 principes
415 3017 560 3104 ethnici,
576 3034 609 3089 et
623 3016 781 3091 haeretici
794 3016 849 3089 ins
867 3015 1050 3116 aliquando
1069 3015 1268 3105 habuerint,
1288 3033 1347 3091 aut

227 3130 375 3205 habeant
400 3158 503 3231 supra
530 3133 699 3204 vinculum
724 3130 908 3229 eoniuqale,
938 3131 1029 3230 qnod
1055 3145 1205 3204 oratores
1233 3131 1340 3206 nostri

226 3261 386 3344 perpetuo
411 3273 487 3320 oum
513 3246 689 3320 effectibus
709 3245 865 3319 civilibus
885 3245 1113 3331 confundunt,
1131 3271 1209 3321 oum
1227 3262 1339 3320 tamma

227 3360 369 3433 nimium
395 3361 531 3434 distent.
561 3361 708 3434 Dubium
729 3358 847 3433 saltem
874 3375 926 3432 est
950 3385 1042 3432 num*
1057 3375 1201 3433 rectores
1234 3387 1342 3462 popu-

227 3475 352 3564 lorum,
377 3477 581 3577 quicumque
606 3476 742 3549 demum
762 3475 787 3547 ii
808 3475 948 3564 fuerint,
971 3492 1029 3550 aut
1050 3476 1139 3563 sint,
1168 3475 1340 3564 infideles,

228 3589 407 3678 baeretici,
427 3591 598 3678 catholici,
615 3591 720 3664 ullam
739 3589 918 3664 habuerint
930 3617 1111 3690 umquam,
1127 3606 1184 3663 aut
1197 3590 1345 3664 habeant

227 3720 426 3806 potestatem
444 3707 479 3778 in
497 3706 746 3800 matrimonium
766 3706 802 3778 in
825 3732 862 3780 se
879 3720 1065 3805 spectatum
1088 3705 1232 3805 eiusque
1256 3706 1343 3781 duas

228 3823 429 3923 praecipuas
455 3823 696 3922 proprietates;
726 3823 786 3896 sed
814 3838 882 3895 tota
907 3822 1058 3922 ipsorum
1084 3823 1270 3896 auctoritas
1288 3848 1344 3897 co-

227 3931 376 4015 arctatur
399 3940 442 4014 ad
468 3938 609 4013 allectus
639 3940 844 4013 extrinsecos
870 3964 909 4012 ac
934 3965 1025 4012 mere
1050 3939 1179 4013 civiles.
1210 3939 1342 4013 Etenim

227 4054 320 4130 Deus
339 4055 414 4155 ipse
435 4070 505 4143 est,
525 4056 584 4155 qui
610 4055 645 4128 in
671 4055 829 4154 paradiso
855 4070 1107 4155 protoparentes
1133 4055 1344 4130 matrimonio

229 4170 417 4262 coniunxit,
434 4187 466 4245 et
477 4171 608 4270 primus
628 4170 884 4271 praeoccupavit
896 4196 1145 4271 quamcumque
1161 4169 1345 4269 legislatio-

232 4313 308 4380 nem
323 4285 528 4376 humanam,
548 4312 637 4387 quae
654 4286 689 4359 in
708 4302 879 4386 posterum
893 4285 966 4360 fieri
979 4303 1116 4385 posset,
1132 4285 1302 4387 duasque,
1312 4300 1346 4359 ut
