2872 5062
233 378 243 401 ·
331 373 399 422 ΠΛΡ.
421 373 469 424 111.
491 373 530 422 DE
553 373 684 424 titium.
708 368 820 424 ctvltts
838 375 929 424 teos.
952 376 1022 425 Atti.
1046 377 1092 427 111.
1200 357 1265 432 321

159 491 248 566 siliis
274 490 433 589 decepto,
459 506 495 563 ut
521 518 624 590 saepe
649 493 834 589 contingit,
860 519 914 566 res
936 493 1047 566 adhuc
1072 493 1271 572 luculentior

159 605 282 679 evadit.
311 607 394 679 Nam
419 608 574 705 quamuis
596 626 741 706 nequeat
766 607 908 681 ecclesia
932 610 999 681 vim
1025 611 1058 683 vi
1085 611 1267 709 repellere,

158 737 363 822 protestatur
381 738 491 795 tamen
518 725 680 796 adversus
707 724 842 822 iniquas
868 725 1106 823 usurpationes
1128 731 1271 826 potesta·

159 838 204 910 tis
229 838 403 936 politicae;
429 839 553 911 deinde
579 841 743 938 patienter
769 841 887 914 tolerat
910 840 953 913 ad
973 842 1119 914 deterius
1145 843 1271 916 malum

156 954 350 1040 vitandum,
371 978 483 1028 coram
508 956 577 1028 Deo
603 956 707 1053 gemit
732 956 774 1028 de
800 957 893 1029 illata
919 958 985 1029 sibi
1011 957 1137 1030 iniusta
1154 959 1209 1045 vi,
1230 987 1271 1032 ac

158 1068 295 1142 divinae
312 1071 543 1169 providentiae
559 1072 754 1144 universum
774 1073 943 1169 negotium
961 1073 1111 1145 dimittit.
1133 1075 1270 1146 lnterim

156 1185 225 1261 lex,
233 1212 321 1285 quae
344 1187 563 1284 parturiebat,
592 1187 719 1260 fructus
737 1214 818 1261 suos
837 1189 1002 1286 pessimos
1022 1189 1125 1287 parit,
1147 1189 1272 1262 malum

158 1327 295 1388 semem
316 1301 406 1400 quod
425 1318 535 1375 satum
553 1319 622 1389 est,
645 1329 900 1402 quaquaversus
927 1296 1149 1403 propagatur,
1170 1321 1272 1404 atque

157 1441 239 1490 suos
266 1416 419 1515 producit
443 1418 582 1491 effectus
601 1421 636 1490 in
653 1445 770 1492 eorum
787 1419 888 1491 etiam
907 1419 1110 1517 perniciem,
1127 1421 1191 1519 'qui
1210 1421 1272 1491 im-

157 1531 343 1629 prudenter
367 1533 450 1606 illud
477 1549 645 1606 severunt.
668 1535 760 1606 Tunc
784 1535 920 1606 demum
939 1551 1016 1634 post
1033 1535 1148 1633 plures
1174 1537 1273 1609 inter-

158 1648 239 1719 dum
270 1674 397 1734 annos,
430 1650 635 1748 quandoque
660 1652 759 1723 etiam
786 1666 862 1750 post
888 1651 1001 1723 secula
1026 1667 1191 1748 coguntur
1216 1679 1272 1751 po

158 1765 239 1838 steri
267 1765 419 1864 iniquam
444 1765 552 1863 legem
570 1768 718 1841 emedio
744 1766 877 1852 tollere,
900 1767 1070 1865 aliamque
1095 1768 1269 1856 sulficere,

158 1905 247 1979 quae
264 1907 342 1954 cum
359 1880 523 1953 ecclesiae
548 1882 680 1954 iuribus
702 1881 898 1954 harmonice
919 1882 1144 1955 coordinatur.
1172 1885 1274 1956 lnter-

157 1994 239 2067 dum
265 1995 409 2068 ecclesia
423 2021 483 2093 per
496 1994 629 2091 longam
645 2020 807 2067 annorum
823 1996 944 2067 seriem
958 1996 1072 2068 animo
1090 1997 1272 2095 tranquillo
1363 2045 1373 2064 .

157 2108 316 2180 iniuriam
342 2107 467 2208 perfert
489 2125 579 2182 certo
605 2107 798 2194 confidens,
827 2134 865 2180 se
887 2108 1060 2181 victoriam
1088 2108 1273 2208 aliquando

156 2222 299 2296 laturam
321 2249 397 2297 esse
414 2224 457 2296 de
474 2224 647 2297 hominum
665 2222 1017 2323 pseudopoliticorum
1040 2223 1190 2310 vafritie3
1213 2251 1274 2298 nec

156 2364 317 2438 umquam
342 2340 508 2412 eiusmodi
537 2365 616 2438 spes
642 2365 715 2411 eam
740 2337 867 2410 lelellit.
890 2337 1043 2411 Ecclesia
1065 2339 1193 2438 quippe
1210 2340 1275 2412 im-

157 2454 331 2528 mutabilis
350 2471 540 2555 permanet,
564 2454 731 2554 habetque
749 2481 810 2554 pro
828 2480 866 2528 se
884 2453 997 2527 secula
1014 2454 1131 2526 innixa
1148 2455 1273 2528 divinis

156 2569 358 2644 Fundatoris
377 2564 430 2643 sui
449 2570 627 2669 promissis
645 2595 685 2641 ac
702 2568 1018 2669 pollicitationibus3
1037 2569 1116 2641 hinc
1134 2571 1178 2642 ad
1196 2587 1275 2644 tem·

157 2712 224 2786 pus
249 2684 514 2786 quidemtacet,
540 2684 607 2759 sed
632 2685 737 2756 vincit
762 2701 873 2757 tamen
890 2687 978 2779 (tt).

233 2800 379 2888 Quodsi
398 2816 445 2874 tot
461 2799 553 2897 leges
578 2817 693 2899 utpote
718 2800 882 2874 ccclesiae
907 2800 993 2872 iura
1007 2800 1179 2875 laedentes
1196 2803 1276 2874 ubi-·

157 2945 225 3018 quc
247 2917 396 3001 locorum
423 2932 650 3003 evanuerunt,
676 2933 734 2989 aut
760 2916 939 3013 abrogatae
957 2934 990 2990 et
1007 2916 1152 2989 abolitae
1178 2933 1268 3005 sunt,

158 3033 335 3130 analogiae
356 3033 441 3105 ratio
466 3058 529 3104 nos
555 3032 649 3102 ducit
673 3032 716 3103 ad
742 3031 832 3103 idem
855 3031 1090 3103 affirmandum
1114 3031 1157 3103 de
1183 3030 1269 3129 lege,

159 3174 248 3247 quae
273 3164 473 3222 statueretur
497 3148 532 3218 in
559 3172 662 3244 regno
693 3146 858 3220 catholico
884 3147 926 3218 ad
953 3146 1138 3219 sancienda
1158 3149 1274 3219 matri-

159 3263 274 3337 monia
298 3289 382 3362 pure
409 3261 534 3335 civilia.
563 3260 738 3346 Ecclesia,
773 3259 837 3331 hac
865 3260 900 3330 in
926 3259 1128 3358 hypothesi,
1157 3276 1274 3335 contra

159 3402 236 3452 eam
261 3378 368 3475 legem
393 3390 652 3476 protestaretur;
682 3390 862 3473 postquam
886 3400 986 3460 vero,
1007 3390 1044 3447 ut
1060 3402 1122 3475 par
1138 3392 1202 3464 est,
1224 3404 1273 3451 re·

229 3618 279 3680 (ts)
293 3620 403 3681 tiorum,
421 3632 484 3681 qnae
501 3618 541 3667 hic
560 3619 701 3680 asserimus,
712 3616 932 3668 luculentissimum
947 3617 1086 3681 exemplum
1096 3615 1167 3667 nohis
1177 3616 1276 3666 exhibet

159 3697 320 3749 celeberrima
337 3699 483 3760 conventio,
500 3712 564 3761 quse
582 3711 639 3747 cum
658 3697 791 3760 apostolica
808 3697 866 3747 sede
885 3697 950 3747 lucta
964 3699 1024 3747 esta
1034 3697 1144 3760 piissimo
1162 3695 1274 3745 hochioc

157 3777 307 3840 imperatore
316 3789 346 3826 ac
357 3790 412 3840 rege
423 3777 558 3840 apostolico
568 3775 698 3825 Francisco
716 3775 819 3837 losepho
836 3789 877 3824 au.
891 3781 959 3825 1855.
970 3777 995 3824 vi
1008 3778 1079 3824 cuius
1094 3775 1148 3837 post
1165 3787 1206 3822 au.
1219 3773 1275 3834 ptus

159 3856 244 3906 rntnus
253 3857 408 3921 septuaginta
417 3856 483 3919 leges
492 3856 529 3906 sic
539 3856 620 3905 dictae
631 3855 789 3918 iosephiune,
808 3868 871 3918 quae
887 3854 948 3904 adeo
960 3855 984 3903 in
997 3853 1113 3915 materia,
1123 3852 1154 3902 de
1166 3862 1215 3915 qua
1225 3853 1275 3915 agi·

160 3949 230 3999 mm,
247 3935 375 3987 christiani
392 3936 500 3999 coniugii
510 3936 541 3986 eh
552 3935 669 3987 ecstasim
683 3934 795 3985 doctriua
809 3937 833 3984 et
849 3935 919 3998 prasi
937 3934 1064 3984 ditiormas
1079 3934 1162 3995 erant,
1177 3932 1276 3983 taudem

161 4015 294 4080 abrogatae
309 4018 376 4069 sunt.
394 4016 466 4074 Quod
484 4016 583 4079 quidem
601 4015 741 4078 exemptum
759 4015 801 4064 atii
823 4015 948 4078 principes
965 4013 1053 4064 imitati
1071 4016 1143 4072 sunt,
1154 4015 1180 4062 et
1194 4012 1235 4061 aiii
1252 4012 1277 4060 in

162 4096 278 4159 proximo
288 4095 335 4146 sibi
344 4095 436 4146 imitari
446 4096 633 4159 proposuerunt.
645 4095 748 4145 silentio
758 4098 893 4157 praetereo,
905 4106 969 4156 quae
978 4106 1055 4156 nuper
1064 4092 1089 4141 in
1101 4092 1181 4153 regnis
1191 4092 1276 4153 Hispa·

163 4177 262 4226 uiarum
272 4176 320 4225 hac
330 4177 355 4225 in
367 4177 436 4239 perte
446 4177 551 4239 gloriose
561 4177 628 4239 gesta
639 4178 711 4236 suut,
723 4174 766 4223 uhi
779 4187 827 4224 noir
840 4186 932 4237 paucae
943 4173 1007 4236 leges
1016 4169 1164 4235 apostoticae
1178 4169 1230 4220 sodi
1241 4169 1277 4218 in·

162 4256 246 4307 tensae
254 4256 345 4320 pariter
353 4269 395 4306 au.
407 4263 474 4308 1856.
485 4256 591 4306 abolitae
600 4256 711 4317 tuerout;
719 4256 744 4306 et
752 4255 786 4305 ita
795 4267 869 4317 porro
878 4253 903 4303 in
912 4249 1243 4316 regooWuertemhurgcnsi,
1252 4249 1278 4300 in

160 4333 488 4399 megnoducatuttadeusi,
501 4333 705 4398 etalibipassint.
1278 4323 1281 4330 '

1196 4414 1253 4489 '21'
