2872 5062
163 329 231 400 tsi
361 348 422 397 mn.
444 347 467 396 1.
489 345 575 395 secr.
596 345 726 395 annana.
746 346 786 395 or
804 344 934 395 rurus.
956 345 1063 395 civim.

161 469 274 554 finem,
289 490 389 564 quem
408 461 472 536 sibi
491 463 725 562 praestituunt,
741 477 778 535 ut
790 486 911 561 nempe
927 459 1080 535 divortiis
1092 461 1182 535 viam
1196 491 1274 563 ape-

161 584 259 655 riant.
287 579 374 652 Fieri
398 579 486 652 enim
512 577 644 677 nequit,
673 593 711 650 ut
735 575 852 650 eadem
870 592 1039 676 potestas,
1060 602 1148 676 quae
1164 577 1273 676 legem

160 696 236 771 tulit
252 695 295 770 ad
312 694 423 768 civilia
439 692 607 769 connubia
628 691 898 781 cohonestanda,
919 692 1018 766 citius
1036 692 1147 767 serius
1164 691 1273 791 legem

161 811 260 885 aliam
278 837 343 884 non
363 810 458 896 ierat,
480 836 547 909 qua
564 807 754 881 facultatem
772 807 897 881 tribuat
913 807 977 881 sub
995 807 1180 908 praefinitis
1198 808 1274 908 qui-

160 925 236 1000 dem
262 924 528 1011 conditionibus,
556 926 585 998 si
611 924 744 1024 placet,
773 923 981 998 dissolvendi
1009 949 1069 1022 per
1092 923 1273 996 divortium

161 1041 335 1138 coniugia,
363 1042 465 1115 immo
490 1066 568 1113 vero
594 1039 760 1112 interdum
786 1039 829 1112 ad
855 1037 1079 1137 praebendam
1106 1037 1198 1110 iilam
1215 1037 1274 1110 'la-

161 1155 316 1230 cultatem
342 1153 544 1228 necessitate
564 1180 630 1226 non
656 1153 810 1251 adigatur
827 1155 915 1247 (it).
935 1152 1104 1249 anigitur
1128 1152 1270 1238 abusus,

162 1271 196 1342 in
218 1295 317 1368 quem
341 1267 456 1366 plures
482 1295 519 1342 sc
542 1268 746 1355 coniiciunt,
766 1266 825 1367 qni
851 1265 1000 1366 alioquin
1026 1292 1063 1340 se
1087 1265 1274 1340 catholicae

161 1383 323 1458 ecclesiae
348 1382 489 1482 obsequi
515 1381 733 1481 profitentur!

576 1611 783 1670 tautanius
802 1612 854 1668 iit.

367 1779 584 1840 Matrimonium
603 1781 689 1842 civile
708 1737 814 1841 notura
833 1797 887 1841 sua
905 1782 1060 1857 opponitur

156 1876 336 1936 Matrimonii
349 1876 502 1938 christiani
510 1879 627 1956 unitati,
636 1878 771 1956 favetque
780 1879 922 1939 materiati
933 1894 968 1938 ac
982 1877 1067 1955 legali
1078 1876 1272 1955 poiygemiae.

235 2080 479 2154 Praemittimus
493 2083 528 2153 1.
542 2081 621 2155 iidei
638 2078 822 2158 catholicae
837 2081 959 2179 dogma
970 2106 1046 2154 esse
1062 2080 1161 2154 «Non
1173 2079 1273 2154 licere

161 2195 357 2269 christianis
383 2196 496 2295 plures
522 2196 623 2269 simul
649 2197 774 2271 habere
792 2221 935 2283 uxores,
955 2211 988 2268 et
1008 2195 1073 2269 hoc
1097 2219 1175 2268 esse
1200 2192 1273 2291 lege

161 2308 276 2384 divina
298 2311 503 2410 prohibitum
518 2314 590 2408 (30)
607 2341 624 2382 r
649 2338 722 2400 seu,
743 2312 940 2412 quod'idem
958 2319 1024 2396 ost,
1043 2309 1271 2410 polygamiam

161 2423 398 2497 simultaneam
414 2452 491 2498 esse
507 2425 703 2498 christianis
723 2425 838 2500 divino
855 2425 928 2499 iure
944 2423 1167 2524 prohibitam,
1188 2421 1274 2496 adeo

161 2554 199 2610 ut
224 2564 334 2625 nemo,
365 2539 448 2638 quin
474 2539 658 2613 catholicus
683 2567 759 2614 esse
783 2541 947 2628 desinat,
963 2539 1072 2638 possit
1101 2538 1272 2612 veritatem

161 2653 249 2726 hanc
273 2654 308 2725 in
333 2654 474 2727 dubium
508 2663 692 2742 revocare3
725 2664 835 2756 quam
857 2655 993 2755 quidem
1020 2653 1075 2727 hic
1102 2669 1273 2753 tamquam

161 2768 334 2868 probatam
360 2772 586 2860 assumimus,
615 2798 690 2845 cum
716 2772 750 2844 id
775 2771 855 2846 'alibi
880 2771 1090 2846 eiiece'rimns
1107 2771 1208 2866 (31),

232 2886 480 2959 Praemittimus
501 2888 535 2960 2.
557 2889 710 2988 apposite
726 2915 789 2962 nos
805 2887 934 2961 dixisse
958 2885 1150 2984 coniugium
1176 2884 1272 2959 civile

160 3001 374 3104 polygamiae
399 3002 516 3077 saltem
541 3005 722 3090 materiali,
744 3019 802 3078 aut
824 3005 925 3102 lopati
948 3004 1075 3089 iavere3
1104 3001 1273 3103 siquidem

160 3119 252 3192 iuxta
285 3119 470 3193 doctrinam
498 3119 699 3194 catholicam
724 3120 865 3219 eiusque
890 3119 1056 3219 principia
1080 3115 1273 3217 polygamiae

160 3235 274 3308 stricte
294 3235 402 3322 dicta,
430 3262 490 3309 seu
506 3236 656 3335 [manalis
673 3235 761 3308 inter
777 3235 979 3310 christianos
1005 3232 1122 3306 haberi
1141 3230 1270 3332 nequit.

160 3348 213 3423 Ob
239 3351 512 3449 impedimentum
530 3352 622 3425 enim
637 3353 815 3439 dirimenS,
836 3351 926 3452 quod
945 3352 1111 3449 lipomirrio
1128 3351 1268 3433 nocant,

158 3464 291 3538 vivente
308 3492 411 3539 uxore
430 3466 553 3566 priori,
574 3467 703 3554 omnia,
728 3493 815 3567 quae
840 3465 1077 3558 attentarentur
1100 3463 1270 3561 coniugia,

161 3581 262 3654 irrita
273 3581 393 3670 iorem,
409 3608 449 3655 ac
467 3583 614 3657 larvatae
630 3609 752 3656 uxores
774 3584 872 3656 erunt
894 3582 1030 3683 quidem
1048 3580 1186 3654 totidem
1204 3578 1274 3679 pel-

159 3695 261 3786 lices,
289 3698 513 3787 concubinae,
542 3699 730 3787 adulterae,
758 3725 879 3773 uxores
896 3696 1059 3772 veronen
1083 3697 1177 3770 item.
1200 3695 1273 3782 Quo

233 3910 283 3975 (29)
299 3912 399 3963 sanein
412 3913 611 3976 lieo-granatensi
623 3913 746 3978 republica
757 3927 806 3964 una
819 3926 876 3964 cnm
886 3913 938 3976 iege
948 3909 1153 3962 demetrimonio
1165 3909 1236 3975 civili
1248 3909 1273 3961 ei

158 3989 235 4041 altera
253 3991 404 4054 subsequuta
413 3994 450 4044 est
458 3991 489 4043 de
499 3993 614 4045 facultate
625 3992 726 4044 divortii
737 3991 855 4057 iaciendi;
867 3993 939 4058 prout
950 3990 1042 4042 iamdiu
1053 3991 1079 4041 in
1086 3986 1175 4043 Galliis
1185 3980 1273 4042 raom

161 4067 345 4132 inerat,etaiibi
353 4071 452 4134 passim.
460 4072 518 4122 Dixi
526 4073 649 4124 interdum
657 4073 809 4137 legislatores
817 4073 848 4124 ad
856 4071 1143 4134 umoreoonoamiegem
1151 4069 1274 4122 formum

160 4149 303 4202 necesitate
320 4150 395 4216 adigi,
412 4151 531 4216 alioquin,
539 4155 568 4204 ut
577 4152 728 4216 videbimus,
740 4152 766 4203 in
774 4153 883 4204 deterius
898 4152 979 4203 rueret
993 4150 1177 4202 matrimonium
1190 4147 1270 4201 cisiis.

233 4228 285 4293 (so)
300 4232 376 4282 cone.
385 4231 487 4284 trident.
500 4245 560 4284 raas.
572 4235 661 4285 xxtv.
670 4236 784 4284 Detocr.
795 4234 875 4285 matr.
888 4245 943 4283 can.
954 4233 986 4283 11.
1071 4249 1074 4254 ·

231 4309 282 4372 (ti)
298 4311 326 4360 lo
341 4309 430 4362 Praei.
442 4309 553 4376 itacios.
566 4313 651 4363 iroot.
664 4310 697 4362 de
708 4312 826 4362 matrim.
839 4323 893 4376 erp.
905 4312 938 4362 li.
949 4321 1020 4376 prop.
1032 4317 1054 4361 ι.
