2872 5062
171 335 239 404 ato
364 356 425 405 arn.
448 357 471 404 r.
492 355 580 405 sacr.
600 356 731 405 surani.
754 357 794 405 nr
815 356 949 407 rrrnrrr.
965 355 1072 405 crvrrr.

168 475 279 548 culum
303 500 435 547 sacrum
463 500 504 546 ac
529 473 784 560 indissolubile,
806 476 840 545 in
866 501 934 574 quo
959 475 1112 575 praecise
1136 479 1285 550 essentia

168 591 371 665 matrimonii
392 591 567 664 christiani
593 591 759 664 consistit.
782 592 1031 665 Matrimonium
1050 592 1172 689 igitur,
1194 595 1284 693 quod

168 706 259 779 aliud
278 732 345 778 uon
362 721 415 777 est
432 706 498 777 nisi
517 720 708 778 contractus
735 705 898 778 naturalis
923 706 1066 779 allectus
1091 733 1286 781 sacramen-

167 838 250 908 tum,
275 822 311 892 in
333 821 478 894 solidum
503 821 648 920 pertinet
663 821 706 892 ad
725 821 924 907 ecclesiam,
947 821 1002 894 cui
1028 821 1093 895 soli
1111 849 1132 894 a
1149 823 1285 897 Christo

167 953 452 1012 sacramentorum
477 936 725 1009 administratio
755 937 958 1010 demandata
982 952 1046 1010 est.
1075 937 1281 1025 Corollaria,

165 1079 254 1154 quae
279 1081 320 1126 ex
344 1053 409 1126 hoc
438 1051 639 1124 inconcusso
669 1052 838 1151 principio
864 1051 1092 1137 descendunt,
1123 1078 1186 1126 suo
1212 1053 1284 1128 loco

166 1167 441 1267 explanabimus3
462 1166 595 1238 interim
613 1165 804 1264 colligimus
829 1165 993 1239 actionem
1011 1164 1096 1262 legis
1118 1167 1231 1241 civilis
1248 1169 1283 1239 in

165 1284 415 1357 matrimonium
437 1298 540 1356 totam
558 1309 598 1356 ac
615 1283 715 1355 unice
739 1283 961 1355 extrinsecam
981 1307 1080 1368 esse,
1110 1309 1172 1354 nec
1196 1283 1283 1355 illud

167 1425 267 1498 posse
291 1398 455 1494 attingere
472 1398 539 1470 nisi
559 1397 623 1470 sub
645 1413 800 1496 respectu
822 1395 913 1470 civili
934 1396 977 1466 in
988 1395 1124 1483 ordine,
1145 1397 1284 1470 utdixi-

164 1541 263 1600 mus,
287 1513 330 1586 ad
355 1511 481 1586 bonum
507 1513 606 1586 civile
631 1513 731 1585 etad
759 1512 899 1592 effeetus
925 1509 1062 1597 civiles;
1090 1527 1194 1611 atque
1219 1513 1283 1586 hoc

165 1630 274 1704 solum
300 1644 364 1714 est,
394 1629 486 1728 quod
510 1655 551 1701 ex
574 1629 706 1701 theoria
723 1629 877 1715 oratoris,
898 1628 942 1699 de
958 1653 1028 1725 qua
1043 1627 1192 1724 agimus,
1221 1629 1281 1703 rite

163 1745 402 1843 consequitur,
424 1743 515 1843 quod
537 1770 636 1816 nemo
654 1744 685 1816 ei
704 1742 894 1838 denegabit.
912 1741 973 1816 Ast
989 1741 1042 1815 lex
1059 1742 1171 1817 civilis
1189 1744 1280 1816 nulla

164 1859 449 1934 rationeafficere
466 1874 576 1956 potest
592 1859 641 1944 id,
662 1885 703 1930 ex
724 1883 792 1957 quo
809 1857 903 1930 valor
924 1874 981 1929 aut
998 1857 1137 1932 nullitas
1156 1859 1279 1958 pendet

164 1977 236 2050 sire
254 1990 446 2048 contractus
467 1975 539 2046 sive
558 1974 780 2058 sacramenti,
804 1999 892 2071 quae
914 1999 967 2046 res
992 1973 1102 2047 civilis
1123 2001 1192 2047 non
1211 1992 1273 2062 est,

163 2091 225 2164 sed
250 2090 479 2163 conscientiae
504 2106 537 2162 et
562 2090 768 2188 religionis·

236 2206 391 2281 Societati
415 2206 508 2278 civili
528 2207 681 2304 proinde
707 2206 929 2304 relinquitur,
958 2207 1049 2306 quod
1075 2233 1176 2280 suum
1202 2226 1276 2294 est,

163 2350 285 2423 nempe
301 2324 393 2420 leges
410 2323 568 2410 condere,
589 2350 677 2422 quae
694 2322 811 2396 civiles
830 2323 969 2395 allectus
984 2322 1163 2420 attingant,
1180 2339 1279 2425 atque

162 2440 372 2512 conditiones
391 2463 572 2536 apponere,
589 2463 675 2536 quas
688 2437 793 2523 cives,
809 2437 868 2535 qui
883 2436 1133 2509 matrimonium
1147 2437 1274 2525 ineunt,

162 2580 296 2627 servare
321 2553 484 2638 debeant,
510 2553 539 2624 si
567 2552 636 2625 illis
662 2553 788 2650 perfrui
815 2551 1001 2625 commodis
1026 2578 1066 2625 ac
1090 2553 1276 2652 privilegiis

160 2667 276 2753 velint,
302 2693 389 2766 quae
414 2667 467 2739 lex
492 2666 634 2764 largitur
658 2694 734 2740 sese
760 2666 1017 2740 subiicientibus
1041 2667 1175 2741 eisdem
1200 2695 1278 2744 cou-

161 2781 368 2865 ditionibus,
397 2779 680 2879 quemadmodum
706 2782 827 2880 quovis
854 2797 1002 2879 tempore
1028 2782 1164 2854 lactum
1179 2799 1269 2857 est*

234 2898 294 2970 llst
319 2908 418 2994 po'rro
442 2923 529 2995 opus
554 2923 632 2969 vere
652 2898 822 2971 musivum
844 2896 1098 2994 D'dguesseau,
1119 2898 1273 2985 Portalis,

161 3013 410 3096 Iustinianum,
444 3010 671 3109 Napoleonem
698 3036 773 3083 cum
801 3038 848 3084 ss.
876 3011 1064 3109 Augustino
1092 3028 1126 3085 et
1150 3011 1276 3086 Thoma

159 3129 373 3225 coniungere.
404 3127 477 3199 Hoc
497 3141 548 3199 est
571 3127 713 3200 miscere
740 3153 837 3200 sacra
861 3126 1033 3225 prolaniS,
1054 3142 1087 3199 at
1112 3129 1276 3227 quadrata

160 3246 331 3330 rotundis,
361 3271 467 3343 quum
493 3245 601 3317 sancti
626 3247 786 3318 Doctores
817 3243 903 3317 adeo
929 3271 949 3316 a
974 3244 1127 3344 profanis
1153 3245 1276 3343 legum·

159 3359 321 3433 latoribus
347 3360 472 3432 distent
498 3361 534 3431 in
560 3362 712 3433 doctrina
728 3362 775 3463 de¹
788 3360 1003 3433 matrimonio
1028 3361 1214 3448 tradenda,
1242 3377 1275 3435 ut

159 3501 300 3548 erronea
317 3476 442 3562 omnia,
464 3477 590 3576 quibus
605 3476 655 3548 illi
668 3477 842 3549 materiam
861 3477 949 3549 hanc
963 3476 1165 3564 infecerunt,
1177 3477 1274 3576 plane
1349 3529 1352 3535 ,

158 3605 320 3666 evertant.
342 3591 496 3663 Ceterum
514 3591 597 3690 quid
616 3593 762 3665 senserit
779 3592 976 3665 nominatim
996 3591 1153 3679 Portalis,
1175 3594 1273 3692 paulo

158 3723 235 3780 ante
268 3707 531 3792 adnotavimus,
569 3723 687 3807 estque
716 3709 854 3781 omnino
885 3708 1088 3780 contrarium
1119 3708 1150 3780 ei
1183 3707 1271 3809 quod

157 3824 301 3896 adstruit
331 3837 441 3895 orator
472 3840 603 3909 noster,
632 3825 691 3923 qui
718 3824 861 3896 fortasse
886 3849 963 3895 eum
990 3849 1057 3896 non
1084 3823 1269 3908 consuluit,

157 3938 308 4038 alioquin
340 3939 414 4011 eius
447 3964 513 4011 non
540 3940 777 4024 meminisset,
810 3939 915 4011 multo
940 3964 1019 4011 vero
1045 3938 1159 4012 minus
1192 3938 1270 4036 legit

157 4081 204 4127 ss.
227 4053 451 4152 Augustinum
478 4070 512 4126 et
533 4055 713 4142 Thomam‚
747 4081 892 4153 quorum
917 4053 1112 4140 volumina,
1141 4055 1172 4126 si
1200 4055 1270 4153 ipse

156 4168 348 4254 evolvisset,
378 4195 563 4267 numquam
586 4195 647 4267 pro
674 4197 711 4242 se
736 4170 935 4242 advocasset
957 4195 1072 4242 eorum
1096 4168 1270 4242 auctorita—

156 4297 243 4368 tem,
265 4283 313 4355 uti
337 4309 378 4355 ex
402 4282 558 4356 dicendis
584 4283 705 4384 idoneo
730 4283 804 4358 loco
829 4283 967 4386 patebit.
1068 4345 1073 4358 ,,
