<?xml version="1.0" encoding="UTF-8"?>
<!DOCTYPE html PUBLIC "-//W3C//DTD XHTML 1.0 Transitional//EN"
    "http://www.w3.org/TR/xhtml1/DTD/xhtml1-transitional.dtd">
<html xmlns="http://www.w3.org/1999/xhtml" xml:lang="en" lang="en">
 <head>
  <title>
</title>
<meta http-equiv="Content-Type" content="text/html;charset=utf-8" />
  <meta name='ocr-system' content='tesseract 3.04.00' />
  <meta name='ocr-capabilities' content='ocr_page ocr_carea ocr_par ocr_line ocrx_word'/>
</head>
<body>
  <div class='ocr_page' id='page_1' title='image "./dematrimoniochr00perrgoog_0337.png"; bbox 0 0 2872 5062; ppageno 0'>
   <div class='ocr_carea' id='block_1_1' title="bbox 232 345 1147 415">
    <p class='ocr_par' dir='ltr' id='par_1_1' title="bbox 232 345 1147 415">
     <span class='ocr_line' id='line_1_1' title="bbox 232 345 1147 415; baseline -0.009 -1"><span class='ocrx_word' id='word_1_1' title='bbox 232 345 302 415; x_wconf 77' lang='lat'><strong>318</strong></span> <span class='ocrx_word' id='word_1_2' title='bbox 424 363 486 412; x_wconf 84' lang='lat' dir='ltr'><strong>um.</strong></span> <span class='ocrx_word' id='word_1_3' title='bbox 506 361 531 411; x_wconf 89' lang='lat' dir='ltr'><strong>r.</strong></span> <span class='ocrx_word' id='word_1_4' title='bbox 552 361 640 411; x_wconf 79' lang='lat' dir='ltr'><strong>sacr.</strong></span> <span class='ocrx_word' id='word_1_5' title='bbox 663 360 794 410; x_wconf 80' lang='lat' dir='ltr'><strong>auram.</strong></span> <span class='ocrx_word' id='word_1_6' title='bbox 817 360 857 409; x_wconf 82' lang='lat' dir='ltr'><strong>nr</strong></span> <span class='ocrx_word' id='word_1_7' title='bbox 883 359 1147 410; x_wconf 72' lang='lat' dir='ltr'><strong>[aramenus.</strong></span> 
     </span>
    </p>
   </div>
   <div class='ocr_carea' id='block_1_2' title="bbox 226 477 1353 4294">
    <p class='ocr_par' dir='ltr' id='par_1_2' title="bbox 229 477 1345 672">
     <span class='ocr_line' id='line_1_2' title="bbox 229 477 1345 579; baseline -0.005 -21"><span class='ocrx_word' id='word_1_8' title='bbox 229 485 327 558; x_wconf 81' lang='lat' dir='ltr'><strong>affert</strong></span> <span class='ocrx_word' id='word_1_9' title='bbox 347 479 521 554; x_wconf 76' lang='lat' dir='ltr'><strong>familiae?</strong></span> <span class='ocrx_word' id='word_1_10' title='bbox 539 481 636 579; x_wconf 92' lang='lat' dir='ltr'><strong>lpsos</strong></span> <span class='ocrx_word' id='word_1_11' title='bbox 654 478 867 552; x_wconf 88' lang='lat' dir='ltr'><strong>adversarios</strong></span> <span class='ocrx_word' id='word_1_12' title='bbox 887 494 1021 552; x_wconf 90' lang='lat' dir='ltr'><strong>nostros</strong></span> <span class='ocrx_word' id='word_1_13' title='bbox 1039 477 1345 579; x_wconf 79' lang='lat' dir='ltr'><strong>pseudopoliticos</strong></span> 
     </span>
     <span class='ocr_line' id='line_1_3' title="bbox 231 596 604 672; baseline -0.013 0"><span class='ocrx_word' id='word_1_14' title='bbox 231 600 363 672; x_wconf 88' lang='lat' dir='ltr'><strong>iudices</strong></span> <span class='ocrx_word' id='word_1_15' title='bbox 387 596 604 670; x_wconf 80' lang='lat' dir='ltr'><strong>advocamus.</strong></span> 
     </span>
    </p>

    <p class='ocr_par' dir='ltr' id='par_1_3' title="bbox 228 709 1353 2088">
     <span class='ocr_line' id='line_1_4' title="bbox 302 709 1350 810; baseline -0.004 -24"><span class='ocrx_word' id='word_1_16' title='bbox 302 717 403 786; x_wconf 75' lang='lat' dir='ltr'><strong>Sexto</strong></span> <span class='ocrx_word' id='word_1_17' title='bbox 420 713 557 785; x_wconf 91' lang='lat' dir='ltr'><strong>demum</strong></span> <span class='ocrx_word' id='word_1_18' title='bbox 569 710 623 784; x_wconf 90' lang='lat' dir='ltr'><strong>vel</strong></span> <span class='ocrx_word' id='word_1_19' title='bbox 640 737 681 783; x_wconf 83' lang='lat' dir='ltr'><strong>ex</strong></span> <span class='ocrx_word' id='word_1_20' title='bbox 698 736 739 783; x_wconf 90' lang='lat' dir='ltr'><strong>eo</strong></span> <span class='ocrx_word' id='word_1_21' title='bbox 755 711 867 809; x_wconf 91' lang='lat' dir='ltr'><strong>capite</strong></span> <span class='ocrx_word' id='word_1_22' title='bbox 884 709 1096 808; x_wconf 90' lang='lat' dir='ltr'><strong>antipolitica</strong></span> <span class='ocrx_word' id='word_1_23' title='bbox 1111 727 1215 810; x_wconf 87' lang='lat' dir='ltr'><strong>atquc</strong></span> <span class='ocrx_word' id='word_1_24' title='bbox 1232 737 1350 809; x_wconf 75' lang='lat' dir='ltr'><strong>respu-</strong></span> 
     </span>
     <span class='ocr_line' id='line_1_5' title="bbox 233 826 1345 925; baseline -0.003 -22"><span class='ocrx_word' id='word_1_25' title='bbox 233 831 323 903; x_wconf 89' lang='lat' dir='ltr'><strong>enda</strong></span> <span class='ocrx_word' id='word_1_26' title='bbox 348 830 402 903; x_wconf 80' lang='lat' dir='ltr'><strong>lex</strong></span> <span class='ocrx_word' id='word_1_27' title='bbox 431 827 491 901; x_wconf 92' lang='lat' dir='ltr'><strong>illa</strong></span> <span class='ocrx_word' id='word_1_28' title='bbox 518 827 586 900; x_wconf 90' lang='lat' dir='ltr'><strong>dici</strong></span> <span class='ocrx_word' id='word_1_29' title='bbox 618 826 741 912; x_wconf 89' lang='lat' dir='ltr'><strong>debet,</strong></span> <span class='ocrx_word' id='word_1_30' title='bbox 773 852 861 925; x_wconf 90' lang='lat' dir='ltr'><strong>quae</strong></span> <span class='ocrx_word' id='word_1_31' title='bbox 887 826 988 901; x_wconf 91' lang='lat' dir='ltr'><strong>citius</strong></span> <span class='ocrx_word' id='word_1_32' title='bbox 1012 827 1166 900; x_wconf 79' lang='lat' dir='ltr'><strong>seriusve</strong></span> <span class='ocrx_word' id='word_1_33' title='bbox 1189 826 1345 913; x_wconf 82' lang='lat' dir='ltr'>aboleri,</span> 
     </span>
     <span class='ocr_line' id='line_1_6' title="bbox 230 943 1349 1042; baseline -0.004 -23"><span class='ocrx_word' id='word_1_34' title='bbox 230 945 285 1020; x_wconf 92' lang='lat' dir='ltr'><strong>vel</strong></span> <span class='ocrx_word' id='word_1_35' title='bbox 310 946 430 1019; x_wconf 90' lang='lat' dir='ltr'><strong>saltem</strong></span> <span class='ocrx_word' id='word_1_36' title='bbox 448 946 484 1016; x_wconf 93' lang='lat' dir='ltr'><strong>in</strong></span> <span class='ocrx_word' id='word_1_37' title='bbox 500 943 758 1018; x_wconf 79' lang='lat' dir='ltr'>desuetudinem</span> <span class='ocrx_word' id='word_1_38' title='bbox 783 943 896 1029; x_wconf 91' lang='lat' dir='ltr'><strong>abire,</strong></span> <span class='ocrx_word' id='word_1_39' title='bbox 924 944 1063 1042; x_wconf 92' lang='lat' dir='ltr'><strong>vimque</strong></span> <span class='ocrx_word' id='word_1_40' title='bbox 1086 969 1223 1016; x_wconf 90' lang='lat' dir='ltr'><strong>omnem</strong></span> <span class='ocrx_word' id='word_1_41' title='bbox 1248 944 1349 1016; x_wconf 91' lang='lat' dir='ltr'><strong>amit-</strong></span> 
     </span>
     <span class='ocr_line' id='line_1_7' title="bbox 230 1059 1350 1160; baseline -0.004 -22"><span class='ocrx_word' id='word_1_42' title='bbox 230 1079 300 1138; x_wconf 84' lang='lat' dir='ltr'><strong>tere</strong></span> <span class='ocrx_word' id='word_1_43' title='bbox 316 1062 428 1136; x_wconf 89' lang='lat' dir='ltr'><strong>debet.</strong></span> <span class='ocrx_word' id='word_1_44' title='bbox 450 1061 522 1136; x_wconf 91' lang='lat' dir='ltr'><strong>Hoc</strong></span> <span class='ocrx_word' id='word_1_45' title='bbox 539 1060 745 1160; x_wconf 87' lang='lat' dir='ltr'><strong>principium</strong></span> <span class='ocrx_word' id='word_1_46' title='bbox 763 1076 934 1159; x_wconf 81' lang='lat' dir='ltr'><strong>tamquam</strong></span> <span class='ocrx_word' id='word_1_47' title='bbox 953 1059 1208 1157; x_wconf 83' lang='lat' dir='ltr'><strong>irrepugnabile</strong></span> <span class='ocrx_word' id='word_1_48' title='bbox 1223 1059 1350 1133; x_wconf 88' lang='lat' dir='ltr'><strong>lemma</strong></span> 
     </span>
     <span class='ocr_line' id='line_1_8' title="bbox 230 1175 1346 1278; baseline -0.004 -26"><span class='ocrx_word' id='word_1_49' title='bbox 230 1204 403 1278; x_wconf 88' lang='lat' dir='ltr'><strong>suppono,</strong></span> <span class='ocrx_word' id='word_1_50' title='bbox 438 1178 523 1278; x_wconf 91' lang='lat' dir='ltr'><strong>quin</strong></span> <span class='ocrx_word' id='word_1_51' title='bbox 554 1176 754 1277; x_wconf 82' lang='lat' dir='ltr'><strong>probatione</strong></span> <span class='ocrx_word' id='word_1_52' title='bbox 782 1201 871 1274; x_wconf 92' lang='lat' dir='ltr'><strong>opus</strong></span> <span class='ocrx_word' id='word_1_53' title='bbox 902 1176 958 1249; x_wconf 92' lang='lat' dir='ltr'><strong>sit.</strong></span> <span class='ocrx_word' id='word_1_54' title='bbox 991 1177 1119 1249; x_wconf 82' lang='lat' dir='ltr'><strong>Revera</strong></span> <span class='ocrx_word' id='word_1_55' title='bbox 1148 1175 1346 1273; x_wconf 86' lang='lat' dir='ltr'><strong>legislator,</strong></span> 
     </span>
     <span class='ocr_line' id='line_1_9' title="bbox 228 1292 1353 1396; baseline -0.001 -29"><span class='ocrx_word' id='word_1_56' title='bbox 228 1295 288 1396; x_wconf 93' lang='lat' dir='ltr'><strong>qui</strong></span> <span class='ocrx_word' id='word_1_57' title='bbox 323 1294 431 1392; x_wconf 87' lang='lat' dir='ltr'><strong>legem</strong></span> <span class='ocrx_word' id='word_1_58' title='bbox 463 1293 719 1391; x_wconf 80' lang='lat' dir='ltr'><strong>abrogandam,</strong></span> <span class='ocrx_word' id='word_1_59' title='bbox 755 1309 814 1366; x_wconf 89' lang='lat' dir='ltr'><strong>aut</strong></span> <span class='ocrx_word' id='word_1_60' title='bbox 845 1292 1009 1367; x_wconf 91' lang='lat' dir='ltr'><strong>oblivioni</strong></span> <span class='ocrx_word' id='word_1_61' title='bbox 1043 1293 1191 1366; x_wconf 92' lang='lat' dir='ltr'><strong>dandam</strong></span> <span class='ocrx_word' id='word_1_62' title='bbox 1223 1295 1353 1368; x_wconf 89' lang='lat' dir='ltr'><strong>eonsti-</strong></span> 
     </span>
     <span class='ocr_line' id='line_1_10' title="bbox 230 1407 1345 1507; baseline -0.001 -25"><span class='ocrx_word' id='word_1_63' title='bbox 230 1426 360 1496; x_wconf 89' lang='lat' dir='ltr'><strong>tueret,</strong></span> <span class='ocrx_word' id='word_1_64' title='bbox 389 1434 431 1482; x_wconf 87' lang='lat' dir='ltr'><strong>eo</strong></span> <span class='ocrx_word' id='word_1_65' title='bbox 465 1408 541 1507; x_wconf 92' lang='lat' dir='ltr'><strong>ipso</strong></span> <span class='ocrx_word' id='word_1_66' title='bbox 574 1408 782 1506; x_wconf 85' lang='lat' dir='ltr'><strong>significaret</strong></span> <span class='ocrx_word' id='word_1_67' title='bbox 815 1408 988 1507; x_wconf 87' lang='lat' dir='ltr'><strong>propriam</strong></span> <span class='ocrx_word' id='word_1_68' title='bbox 1023 1407 1345 1507; x_wconf 75' lang='lat' dir='ltr'><strong>improvidentiam,</strong></span> 
     </span>
     <span class='ocr_line' id='line_1_11' title="bbox 229 1523 1351 1623; baseline 0.001 -26"><span class='ocrx_word' id='word_1_69' title='bbox 229 1523 352 1598; x_wconf 90' lang='lat' dir='ltr'><strong>mentis</strong></span> <span class='ocrx_word' id='word_1_70' title='bbox 377 1525 597 1621; x_wconf 80' lang='lat' dir='ltr'><strong>angustiam,</strong></span> <span class='ocrx_word' id='word_1_71' title='bbox 622 1550 663 1597; x_wconf 88' lang='lat' dir='ltr'><strong>ac</strong></span> <span class='ocrx_word' id='word_1_72' title='bbox 688 1525 948 1623; x_wconf 89' lang='lat' dir='ltr'><strong>imprudentiam</strong></span> <span class='ocrx_word' id='word_1_73' title='bbox 975 1550 1043 1604; x_wconf 91' lang='lat' dir='ltr'><strong>non</strong></span> <span class='ocrx_word' id='word_1_74' title='bbox 1068 1524 1268 1612; x_wconf 88' lang='lat' dir='ltr'><strong>minimam,</strong></span> <span class='ocrx_word' id='word_1_75' title='bbox 1290 1544 1351 1600; x_wconf 91' lang='lat' dir='ltr'><strong>aut</strong></span> 
     </span>
     <span class='ocr_line' id='line_1_12' title="bbox 230 1639 1349 1740; baseline 0.003 -27"><span class='ocrx_word' id='word_1_76' title='bbox 230 1641 462 1740; x_wconf 86' lang='lat' dir='ltr'><strong>impotentiam</strong></span> <span class='ocrx_word' id='word_1_77' title='bbox 480 1658 514 1712; x_wconf 90' lang='lat' dir='ltr'><strong>et</strong></span> <span class='ocrx_word' id='word_1_78' title='bbox 536 1639 785 1727; x_wconf 87' lang='lat' dir='ltr'><strong>infirmitatem,</strong></span> <span class='ocrx_word' id='word_1_79' title='bbox 815 1642 895 1713; x_wconf 91' lang='lat' dir='ltr'><strong>dum</strong></span> <span class='ocrx_word' id='word_1_80' title='bbox 920 1641 974 1714; x_wconf 80' lang='lat' dir='ltr'><strong>lex</strong></span> <span class='ocrx_word' id='word_1_81' title='bbox 999 1640 1154 1714; x_wconf 86' lang='lat' dir='ltr'><strong>obruitur</strong></span> <span class='ocrx_word' id='word_1_82' title='bbox 1178 1644 1349 1716; x_wconf 89' lang='lat' dir='ltr'><strong>contraria</strong></span> 
     </span>
     <span class='ocr_line' id='line_1_13' title="bbox 232 1753 1345 1855; baseline -0.002 -25"><span class='ocrx_word' id='word_1_83' title='bbox 232 1755 417 1830; x_wconf 86' lang='lat' dir='ltr'><strong>universim</strong></span> <span class='ocrx_word' id='word_1_84' title='bbox 451 1753 573 1852; x_wconf 86' lang='lat' dir='ltr'><strong>agendi</strong></span> <span class='ocrx_word' id='word_1_85' title='bbox 605 1755 753 1842; x_wconf 91' lang='lat' dir='ltr'><strong>ratione,</strong></span> <span class='ocrx_word' id='word_1_86' title='bbox 791 1782 880 1854; x_wconf 93' lang='lat' dir='ltr'><strong>quae</strong></span> <span class='ocrx_word' id='word_1_87' title='bbox 909 1757 1019 1855; x_wconf 91' lang='lat' dir='ltr'><strong>ipsam</strong></span> <span class='ocrx_word' id='word_1_88' title='bbox 1050 1757 1190 1853; x_wconf 87' lang='lat' dir='ltr'><strong>abrogat</strong></span> <span class='ocrx_word' id='word_1_89' title='bbox 1216 1756 1345 1854; x_wconf 89' lang='lat' dir='ltr'><strong>legem;</strong></span> 
     </span>
     <span class='ocr_line' id='line_1_14' title="bbox 229 1872 1345 1972; baseline 0.001 -27"><span class='ocrx_word' id='word_1_90' title='bbox 229 1888 288 1945; x_wconf 90' lang='lat' dir='ltr'><strong>aut</strong></span> <span class='ocrx_word' id='word_1_91' title='bbox 312 1873 525 1972; x_wconf 89' lang='lat' dir='ltr'><strong>iniquitatem</strong></span> <span class='ocrx_word' id='word_1_92' title='bbox 555 1888 588 1944; x_wconf 91' lang='lat' dir='ltr'><strong>et</strong></span> <span class='ocrx_word' id='word_1_93' title='bbox 617 1872 840 1958; x_wconf 91' lang='lat' dir='ltr'><strong>iniustitiam,</strong></span> <span class='ocrx_word' id='word_1_94' title='bbox 870 1899 959 1972; x_wconf 94' lang='lat' dir='ltr'><strong>quae</strong></span> <span class='ocrx_word' id='word_1_95' title='bbox 983 1873 1051 1972; x_wconf 90' lang='lat' dir='ltr'><strong>ipsi</strong></span> <span class='ocrx_word' id='word_1_96' title='bbox 1077 1873 1142 1970; x_wconf 85' lang='lat' dir='ltr'><strong>legi</strong></span> <span class='ocrx_word' id='word_1_97' title='bbox 1168 1873 1345 1961; x_wconf 86' lang='lat' dir='ltr'><strong>inhaeret,</strong></span> 
     </span>
     <span class='ocr_line' id='line_1_15' title="bbox 232 1988 996 2088; baseline -0.004 -26"><span class='ocrx_word' id='word_1_98' title='bbox 232 2014 388 2088; x_wconf 88' lang='lat' dir='ltr'><strong>quaeque</strong></span> <span class='ocrx_word' id='word_1_99' title='bbox 416 1989 491 2062; x_wconf 91' lang='lat' dir='ltr'><strong>eius</strong></span> <span class='ocrx_word' id='word_1_100' title='bbox 517 1989 768 2085; x_wconf 83' lang='lat' dir='ltr'><strong>abrogationem</strong></span> <span class='ocrx_word' id='word_1_101' title='bbox 793 1988 996 2086; x_wconf 81' lang='lat' dir='ltr'><strong>expostulat.</strong></span> 
     </span>
    </p>

    <p class='ocr_par' dir='ltr' id='par_1_4' title="bbox 226 2103 1351 4294">
     <span class='ocr_line' id='line_1_16' title="bbox 304 2103 1349 2204; baseline 0.002 -28"><span class='ocrx_word' id='word_1_102' title='bbox 304 2104 376 2178; x_wconf 87' lang='lat' dir='ltr'><strong>Hoc</strong></span> <span class='ocrx_word' id='word_1_103' title='bbox 395 2103 501 2201; x_wconf 83' lang='lat' dir='ltr'><strong>igitur</strong></span> <span class='ocrx_word' id='word_1_104' title='bbox 517 2104 685 2204; x_wconf 92' lang='lat' dir='ltr'><strong>principio</strong></span> <span class='ocrx_word' id='word_1_105' title='bbox 702 2121 899 2204; x_wconf 90' lang='lat' dir='ltr'><strong>assumpto,</strong></span> <span class='ocrx_word' id='word_1_106' title='bbox 920 2105 970 2178; x_wconf 93' lang='lat' dir='ltr'><strong>sic</strong></span> <span class='ocrx_word' id='word_1_107' title='bbox 986 2130 1107 2204; x_wconf 80' lang='lat' dir='ltr'><strong>pergo:</strong></span> <span class='ocrx_word' id='word_1_108' title='bbox 1124 2106 1190 2177; x_wconf 80' lang='lat' dir='ltr'><strong>box</strong></span> <span class='ocrx_word' id='word_1_109' title='bbox 1206 2105 1252 2178; x_wconf 93' lang='lat' dir='ltr'><strong>de</strong></span> <span class='ocrx_word' id='word_1_110' title='bbox 1268 2131 1349 2180; x_wconf 89' lang='lat' dir='ltr'><strong>oon-</strong></span> 
     </span>
     <span class='ocr_line' id='line_1_17' title="bbox 230 2218 1348 2319; baseline 0.002 -27"><span class='ocrx_word' id='word_1_111' title='bbox 230 2220 333 2317; x_wconf 81' lang='lat' dir='ltr'><strong>iugiis</strong></span> <span class='ocrx_word' id='word_1_112' title='bbox 356 2245 447 2293; x_wconf 90' lang='lat' dir='ltr'><strong>mere</strong></span> <span class='ocrx_word' id='word_1_113' title='bbox 471 2218 629 2292; x_wconf 91' lang='lat' dir='ltr'><strong>civilibus</strong></span> <span class='ocrx_word' id='word_1_114' title='bbox 656 2245 732 2292; x_wconf 91' lang='lat' dir='ltr'><strong>cum</strong></span> <span class='ocrx_word' id='word_1_115' title='bbox 752 2234 826 2292; x_wconf 90' lang='lat' dir='ltr'><strong>orta</strong></span> <span class='ocrx_word' id='word_1_116' title='bbox 843 2220 889 2292; x_wconf 90' lang='lat' dir='ltr'><strong>sit</strong></span> <span class='ocrx_word' id='word_1_117' title='bbox 905 2246 945 2292; x_wconf 85' lang='lat' dir='ltr'><strong>ex</strong></span> <span class='ocrx_word' id='word_1_118' title='bbox 963 2220 1132 2319; x_wconf 92' lang='lat' dir='ltr'><strong>principio</strong></span> <span class='ocrx_word' id='word_1_119' title='bbox 1159 2237 1348 2319; x_wconf 89' lang='lat' dir='ltr'><strong>protestan-</strong></span> 
     </span>
     <span class='ocr_line' id='line_1_18' title="bbox 231 2334 1349 2434; baseline 0.001 -26"><span class='ocrx_word' id='word_1_120' title='bbox 231 2336 323 2409; x_wconf 91' lang='lat' dir='ltr'><strong>tismi</strong></span> <span class='ocrx_word' id='word_1_121' title='bbox 342 2335 385 2408; x_wconf 94' lang='lat' dir='ltr'><strong>de</strong></span> <span class='ocrx_word' id='word_1_122' title='bbox 403 2336 617 2434; x_wconf 87' lang='lat' dir='ltr'><strong>separatione</strong></span> <span class='ocrx_word' id='word_1_123' title='bbox 642 2335 851 2434; x_wconf 90' lang='lat' dir='ltr'><strong>reipublicae</strong></span> <span class='ocrx_word' id='word_1_124' title='bbox 875 2334 919 2407; x_wconf 89' lang='lat' dir='ltr'><strong>ab</strong></span> <span class='ocrx_word' id='word_1_125' title='bbox 945 2361 981 2406; x_wconf 91' lang='lat' dir='ltr'><strong>re</strong></span> <span class='ocrx_word' id='word_1_126' title='bbox 1005 2334 1211 2421; x_wconf 90' lang='lat' dir='ltr'><strong>christiana,</strong></span> <span class='ocrx_word' id='word_1_127' title='bbox 1231 2352 1270 2408; x_wconf 94' lang='lat' dir='ltr'><strong>ut</strong></span> <span class='ocrx_word' id='word_1_128' title='bbox 1286 2362 1349 2410; x_wconf 88' lang='lat' dir='ltr'><strong>suo</strong></span> 
     </span>
     <span class='ocr_line' id='line_1_19' title="bbox 229 2450 1347 2553; baseline 0.001 -30"><span class='ocrx_word' id='word_1_129' title='bbox 229 2451 304 2526; x_wconf 91' lang='lat' dir='ltr'><strong>loco</strong></span> <span class='ocrx_word' id='word_1_130' title='bbox 324 2453 558 2538; x_wconf 85' lang='lat' dir='ltr'><strong>ostendimus,</strong></span> <span class='ocrx_word' id='word_1_131' title='bbox 589 2468 691 2551; x_wconf 89' lang='lat' dir='ltr'><strong>atquo</strong></span> <span class='ocrx_word' id='word_1_132' title='bbox 708 2450 752 2524; x_wconf 88' lang='lat' dir='ltr'><strong>ab</strong></span> <span class='ocrx_word' id='word_1_133' title='bbox 769 2451 887 2525; x_wconf 92' lang='lat' dir='ltr'><strong>hostili</strong></span> <span class='ocrx_word' id='word_1_134' title='bbox 912 2451 1015 2526; x_wconf 89' lang='lat' dir='ltr'><strong>veluti</strong></span> <span class='ocrx_word' id='word_1_135' title='bbox 1044 2455 1171 2553; x_wconf 89' lang='lat' dir='ltr'><strong>impetu</strong></span> <span class='ocrx_word' id='word_1_136' title='bbox 1197 2453 1288 2527; x_wconf 86' lang='lat' dir='ltr'><strong>lacto</strong></span> <span class='ocrx_word' id='word_1_137' title='bbox 1313 2455 1347 2524; x_wconf 95' lang='lat' dir='ltr'><strong>in</strong></span> 
     </span>
     <span class='ocr_line' id='line_1_20' title="bbox 229 2567 1349 2669; baseline 0.004 -29"><span class='ocrx_word' id='word_1_138' title='bbox 229 2567 425 2655; x_wconf 89' lang='lat' dir='ltr'><strong>ecelesiam,</strong></span> <span class='ocrx_word' id='word_1_139' title='bbox 446 2567 505 2640; x_wconf 94' lang='lat' dir='ltr'><strong>ubi</strong></span> <span class='ocrx_word' id='word_1_140' title='bbox 523 2568 608 2641; x_wconf 90' lang='lat' dir='ltr'><strong>hacc</strong></span> <span class='ocrx_word' id='word_1_141' title='bbox 626 2567 732 2666; x_wconf 89' lang='lat' dir='ltr'><strong>impia</strong></span> <span class='ocrx_word' id='word_1_142' title='bbox 751 2567 953 2668; x_wconf 88' lang='lat' dir='ltr'><strong>phraenesis</strong></span> <span class='ocrx_word' id='word_1_143' title='bbox 975 2568 1178 2658; x_wconf 87' lang='lat' dir='ltr'><strong>cessaverit,</strong></span> <span class='ocrx_word' id='word_1_144' title='bbox 1199 2568 1254 2641; x_wconf 84' lang='lat' dir='ltr'><strong>lex</strong></span> <span class='ocrx_word' id='word_1_145' title='bbox 1271 2569 1349 2669; x_wconf 86' lang='lat' dir='ltr'><strong>ipsa</strong></span> 
     </span>
     <span class='ocr_line' id='line_1_21' title="bbox 229 2682 1344 2760; baseline 0.001 -4"><span class='ocrx_word' id='word_1_146' title='bbox 229 2699 340 2756; x_wconf 84' lang='lat' dir='ltr'><strong>cesset</strong></span> <span class='ocrx_word' id='word_1_147' title='bbox 364 2708 503 2756; x_wconf 90' lang='lat' dir='ltr'><strong>necesse</strong></span> <span class='ocrx_word' id='word_1_148' title='bbox 527 2700 592 2757; x_wconf 90' lang='lat' dir='ltr'><strong>est.</strong></span> <span class='ocrx_word' id='word_1_149' title='bbox 624 2682 764 2757; x_wconf 90' lang='lat' dir='ltr'><strong>Sublata</strong></span> <span class='ocrx_word' id='word_1_150' title='bbox 789 2685 879 2756; x_wconf 90' lang='lat' dir='ltr'><strong>enim</strong></span> <span class='ocrx_word' id='word_1_151' title='bbox 904 2711 1010 2758; x_wconf 89' lang='lat' dir='ltr'><strong>causa</strong></span> <span class='ocrx_word' id='word_1_152' title='bbox 1035 2685 1164 2758; x_wconf 92' lang='lat' dir='ltr'><strong>tollitur</strong></span> <span class='ocrx_word' id='word_1_153' title='bbox 1188 2686 1344 2760; x_wconf 88' lang='lat' dir='ltr'><strong>allectus.</strong></span> 
     </span>
     <span class='ocr_line' id='line_1_22' title="bbox 230 2797 1351 2899; baseline 0.005 -30"><span class='ocrx_word' id='word_1_154' title='bbox 230 2798 332 2871; x_wconf 93' lang='lat' dir='ltr'><strong>Porro</strong></span> <span class='ocrx_word' id='word_1_155' title='bbox 358 2799 422 2871; x_wconf 92' lang='lat' dir='ltr'><strong>etsi</strong></span> <span class='ocrx_word' id='word_1_156' title='bbox 449 2797 605 2872; x_wconf 91' lang='lat' dir='ltr'><strong>homines</strong></span> <span class='ocrx_word' id='word_1_157' title='bbox 631 2799 836 2899; x_wconf 91' lang='lat' dir='ltr'><strong>quandoque</strong></span> <span class='ocrx_word' id='word_1_158' title='bbox 862 2800 1027 2888; x_wconf 89' lang='lat' dir='ltr'><strong>delirent,</strong></span> <span class='ocrx_word' id='word_1_159' title='bbox 1057 2801 1092 2872; x_wconf 93' lang='lat' dir='ltr'><strong>in</strong></span> <span class='ocrx_word' id='word_1_160' title='bbox 1118 2801 1287 2876; x_wconf 86' lang='lat' dir='ltr'><strong>eiusmodi</strong></span> <span class='ocrx_word' id='word_1_161' title='bbox 1305 2818 1351 2875; x_wconf 89' lang='lat' dir='ltr'><strong>ta·</strong></span> 
     </span>
     <span class='ocr_line' id='line_1_23' title="bbox 229 2912 1349 3016; baseline 0.004 -31"><span class='ocrx_word' id='word_1_162' title='bbox 229 2939 306 2988; x_wconf 89' lang='lat' dir='ltr'><strong>men</strong></span> <span class='ocrx_word' id='word_1_163' title='bbox 333 2912 564 2988; x_wconf 85' lang='lat' dir='ltr'><strong>deliramentis</strong></span> <span class='ocrx_word' id='word_1_164' title='bbox 590 2915 649 2987; x_wconf 90' lang='lat' dir='ltr'><strong>diu</strong></span> <span class='ocrx_word' id='word_1_165' title='bbox 674 2915 860 2989; x_wconf 82' lang='lat' dir='ltr'><strong>consistere</strong></span> <span class='ocrx_word' id='word_1_166' title='bbox 886 2929 1074 3016; x_wconf 75' lang='lat' dir='ltr'><strong>nequeunt,</strong></span> <span class='ocrx_word' id='word_1_167' title='bbox 1096 2916 1269 3016; x_wconf 91' lang='lat' dir='ltr'><strong>siquidem</strong></span> <span class='ocrx_word' id='word_1_168' title='bbox 1292 2916 1349 2990; x_wconf 91' lang='lat' dir='ltr'><strong>de·</strong></span> 
     </span>
     <span class='ocr_line' id='line_1_24' title="bbox 230 3028 1351 3131; baseline 0.004 -31"><span class='ocrx_word' id='word_1_169' title='bbox 230 3028 364 3103; x_wconf 91' lang='lat' dir='ltr'><strong>lirantis</strong></span> <span class='ocrx_word' id='word_1_170' title='bbox 387 3029 537 3103; x_wconf 89' lang='lat' dir='ltr'><strong>conditio</strong></span> <span class='ocrx_word' id='word_1_171' title='bbox 562 3056 630 3103; x_wconf 92' lang='lat' dir='ltr'><strong>non</strong></span> <span class='ocrx_word' id='word_1_172' title='bbox 655 3047 707 3104; x_wconf 86' lang='lat' dir='ltr'><strong>est</strong></span> <span class='ocrx_word' id='word_1_173' title='bbox 732 3030 861 3105; x_wconf 92' lang='lat' dir='ltr'><strong>homini</strong></span> <span class='ocrx_word' id='word_1_174' title='bbox 886 3031 1134 3119; x_wconf 90' lang='lat' dir='ltr'><strong>connaturalis;</strong></span> <span class='ocrx_word' id='word_1_175' title='bbox 1157 3032 1351 3131; x_wconf 88' lang='lat' dir='ltr'><strong>adeoquea</strong></span> 
     </span>
     <span class='ocr_line' id='line_1_25' title="bbox 230 3145 1349 3248; baseline 0.004 -32"><span class='ocrx_word' id='word_1_176' title='bbox 230 3145 349 3218; x_wconf 91' lang='lat' dir='ltr'><strong>morali</strong></span> <span class='ocrx_word' id='word_1_177' title='bbox 379 3145 445 3219; x_wconf 92' lang='lat' dir='ltr'><strong>hoc</strong></span> <span class='ocrx_word' id='word_1_178' title='bbox 478 3146 707 3248; x_wconf 88' lang='lat' dir='ltr'><strong>religiosoque</strong></span> <span class='ocrx_word' id='word_1_179' title='bbox 739 3148 961 3222; x_wconf 89' lang='lat' dir='ltr'><strong>deliramento</strong></span> <span class='ocrx_word' id='word_1_180' title='bbox 995 3149 1129 3222; x_wconf 85' lang='lat' dir='ltr'><strong>tandem</strong></span> <span class='ocrx_word' id='word_1_181' title='bbox 1164 3148 1349 3248; x_wconf 89' lang='lat' dir='ltr'><strong>aliquando</strong></span> 
     </span>
     <span class='ocr_line' id='line_1_26' title="bbox 229 3261 1346 3365; baseline 0.004 -31"><span class='ocrx_word' id='word_1_182' title='bbox 229 3261 322 3335; x_wconf 92' lang='lat' dir='ltr'><strong>cives</strong></span> <span class='ocrx_word' id='word_1_183' title='bbox 345 3288 382 3335; x_wconf 88' lang='lat' dir='ltr'><strong>so</strong></span> <span class='ocrx_word' id='word_1_184' title='bbox 405 3263 573 3363; x_wconf 88' lang='lat' dir='ltr'><strong>recipiunt</strong></span> <span class='ocrx_word' id='word_1_185' title='bbox 597 3290 638 3338; x_wconf 89' lang='lat' dir='ltr'><strong>ac</strong></span> <span class='ocrx_word' id='word_1_186' title='bbox 663 3265 880 3364; x_wconf 90' lang='lat' dir='ltr'><strong>resipiscunt.</strong></span> <span class='ocrx_word' id='word_1_187' title='bbox 911 3266 994 3339; x_wconf 81' lang='lat' dir='ltr'><strong>Cum</strong></span> <span class='ocrx_word' id='word_1_188' title='bbox 1020 3290 1100 3340; x_wconf 87' lang='lat' dir='ltr'><strong>vero</strong></span> <span class='ocrx_word' id='word_1_189' title='bbox 1126 3266 1346 3365; x_wconf 88' lang='lat' dir='ltr'><strong>resipuerint,</strong></span> 
     </span>
     <span class='ocr_line' id='line_1_27' title="bbox 229 3376 1350 3480; baseline 0.004 -33"><span class='ocrx_word' id='word_1_190' title='bbox 229 3376 359 3476; x_wconf 88' lang='lat' dir='ltr'><strong>riteque</strong></span> <span class='ocrx_word' id='word_1_191' title='bbox 394 3379 562 3452; x_wconf 87' lang='lat' dir='ltr'><strong>senserint</strong></span> <span class='ocrx_word' id='word_1_192' title='bbox 593 3380 714 3467; x_wconf 90' lang='lat' dir='ltr'><strong>cives,</strong></span> <span class='ocrx_word' id='word_1_193' title='bbox 749 3380 835 3454; x_wconf 90' lang='lat' dir='ltr'><strong>lerre</strong></span> <span class='ocrx_word' id='word_1_194' title='bbox 865 3381 1011 3480; x_wconf 88' lang='lat' dir='ltr'><strong>amplius</strong></span> <span class='ocrx_word' id='word_1_195' title='bbox 1041 3406 1081 3454; x_wconf 90' lang='lat' dir='ltr'><strong>ac</strong></span> <span class='ocrx_word' id='word_1_196' title='bbox 1111 3380 1256 3454; x_wconf 88' lang='lat' dir='ltr'><strong>tolerare</strong></span> <span class='ocrx_word' id='word_1_197' title='bbox 1285 3405 1350 3454; x_wconf 93' lang='lat' dir='ltr'><strong>non</strong></span> 
     </span>
     <span class='ocr_line' id='line_1_28' title="bbox 228 3492 1350 3596; baseline 0.004 -32"><span class='ocrx_word' id='word_1_198' title='bbox 228 3507 384 3591; x_wconf 91' lang='lat' dir='ltr'><strong>poterunt</strong></span> <span class='ocrx_word' id='word_1_199' title='bbox 402 3492 531 3591; x_wconf 87' lang='lat' dir='ltr'><strong>legem,</strong></span> <span class='ocrx_word' id='word_1_200' title='bbox 552 3522 641 3594; x_wconf 91' lang='lat' dir='ltr'><strong>quae</strong></span> <span class='ocrx_word' id='word_1_201' title='bbox 658 3496 831 3596; x_wconf 89' lang='lat' dir='ltr'><strong>propriae,</strong></span> <span class='ocrx_word' id='word_1_202' title='bbox 853 3524 955 3596; x_wconf 90' lang='lat' dir='ltr'><strong>quam</strong></span> <span class='ocrx_word' id='word_1_203' title='bbox 974 3497 1192 3596; x_wconf 86' lang='lat' dir='ltr'><strong>profitentur,</strong></span> <span class='ocrx_word' id='word_1_204' title='bbox 1216 3495 1350 3594; x_wconf 79' lang='lat' dir='ltr'><strong>religio</strong></span> 
     </span>
     <span class='ocr_line' id='line_1_29' title="bbox 230 3606 1349 3713; baseline 0.005 -36"><span class='ocrx_word' id='word_1_205' title='bbox 230 3607 264 3678; x_wconf 86' lang='lat' dir='ltr'><strong>ni</strong></span> <span class='ocrx_word' id='word_1_206' title='bbox 294 3606 422 3682; x_wconf 82' lang='lat' dir='ltr'><strong>directe</strong></span> <span class='ocrx_word' id='word_1_207' title='bbox 447 3610 672 3700; x_wconf 88' lang='lat' dir='ltr'><strong>adversatur,</strong></span> <span class='ocrx_word' id='word_1_208' title='bbox 700 3640 776 3687; x_wconf 88' lang='lat' dir='ltr'><strong>cum</strong></span> <span class='ocrx_word' id='word_1_209' title='bbox 803 3640 913 3713; x_wconf 90' lang='lat' dir='ltr'><strong>eaque</strong></span> <span class='ocrx_word' id='word_1_210' title='bbox 938 3631 1052 3712; x_wconf 88' lang='lat' dir='ltr'><strong>aperte</strong></span> <span class='ocrx_word' id='word_1_211' title='bbox 1077 3629 1218 3711; x_wconf 79' lang='lat' dir='ltr'><strong>pugnat.</strong></span> <span class='ocrx_word' id='word_1_212' title='bbox 1250 3613 1349 3712; x_wconf 90' lang='lat' dir='ltr'><strong>lmpii</strong></span> 
     </span>
     <span class='ocr_line' id='line_1_30' title="bbox 230 3723 1349 3828; baseline 0.004 -32"><span class='ocrx_word' id='word_1_213' title='bbox 230 3723 332 3798; x_wconf 90' lang='lat' dir='ltr'><strong>etiam</strong></span> <span class='ocrx_word' id='word_1_214' title='bbox 358 3725 635 3827; x_wconf 91' lang='lat' dir='ltr'><strong>pseudo-politici</strong></span> <span class='ocrx_word' id='word_1_215' title='bbox 665 3729 750 3827; x_wconf 85' lang='lat' dir='ltr'><strong>legis</strong></span> <span class='ocrx_word' id='word_1_216' title='bbox 777 3746 930 3803; x_wconf 90' lang='lat' dir='ltr'><strong>auctores</strong></span> <span class='ocrx_word' id='word_1_217' title='bbox 964 3729 1181 3828; x_wconf 78' lang='lat' dir='ltr'><strong>fautoresque</strong></span> <span class='ocrx_word' id='word_1_218' title='bbox 1197 3729 1349 3802; x_wconf 80' lang='lat' dir='ltr'><strong>tandem</strong></span> 
     </span>
     <span class='ocr_line' id='line_1_31' title="bbox 229 3839 1351 3944; baseline 0.005 -32"><span class='ocrx_word' id='word_1_219' title='bbox 229 3839 415 3940; x_wconf 92' lang='lat' dir='ltr'><strong>aliquando</strong></span> <span class='ocrx_word' id='word_1_220' title='bbox 441 3869 481 3916; x_wconf 83' lang='lat' dir='ltr'><strong>ex</strong></span> <span class='ocrx_word' id='word_1_221' title='bbox 507 3843 564 3916; x_wconf 91' lang='lat' dir='ltr'><strong>his</strong></span> <span class='ocrx_word' id='word_1_222' title='bbox 589 3845 687 3918; x_wconf 91' lang='lat' dir='ltr'><strong>terris</strong></span> <span class='ocrx_word' id='word_1_223' title='bbox 708 3846 943 3944; x_wconf 82' lang='lat' dir='ltr'><strong>commigrant.</strong></span> <span class='ocrx_word' id='word_1_224' title='bbox 965 3846 1056 3920; x_wconf 84' lang='lat' dir='ltr'><strong>Licet</strong></span> <span class='ocrx_word' id='word_1_225' title='bbox 1074 3872 1154 3919; x_wconf 88' lang='lat' dir='ltr'><strong>vcro</strong></span> <span class='ocrx_word' id='word_1_226' title='bbox 1176 3846 1351 3920; x_wconf 87' lang='lat' dir='ltr'><strong>successio</strong></span> 
     </span>
     <span class='ocr_line' id='line_1_32' title="bbox 228 3957 1346 4062; baseline 0.003 -33"><span class='ocrx_word' id='word_1_227' title='bbox 228 3957 396 4032; x_wconf 90' lang='lat' dir='ltr'><strong>eiusmodi</strong></span> <span class='ocrx_word' id='word_1_228' title='bbox 423 3959 600 4033; x_wconf 92' lang='lat' dir='ltr'><strong>hominum</strong></span> <span class='ocrx_word' id='word_1_229' title='bbox 627 3989 811 4062; x_wconf 90' lang='lat' dir='ltr'><strong>numquam</strong></span> <span class='ocrx_word' id='word_1_230' title='bbox 837 3962 992 4049; x_wconf 87' lang='lat' dir='ltr'><strong>deficiat,</strong></span> <span class='ocrx_word' id='word_1_231' title='bbox 1016 3965 1051 4033; x_wconf 91' lang='lat' dir='ltr'><strong>in</strong></span> <span class='ocrx_word' id='word_1_232' title='bbox 1069 3957 1346 4036; x_wconf 86' lang='lat' dir='ltr'><strong>numero-tamen</strong></span> 
     </span>
     <span class='ocr_line' id='line_1_33' title="bbox 226 4077 1348 4178; baseline 0.002 -32"><span class='ocrx_word' id='word_1_233' title='bbox 226 4100 482 4162; x_wconf 89' lang='lat' dir='ltr'><strong>successorum,</strong></span> <span class='ocrx_word' id='word_1_234' title='bbox 512 4077 541 4148; x_wconf 91' lang='lat' dir='ltr'><strong>si</strong></span> <span class='ocrx_word' id='word_1_235' title='bbox 568 4077 748 4151; x_wconf 90' lang='lat' dir='ltr'><strong>nonnullos</strong></span> <span class='ocrx_word' id='word_1_236' title='bbox 775 4078 962 4178; x_wconf 88' lang='lat' dir='ltr'><strong>peculiares</strong></span> <span class='ocrx_word' id='word_1_237' title='bbox 979 4104 1020 4152; x_wconf 90' lang='lat' dir='ltr'><strong>ac</strong></span> <span class='ocrx_word' id='word_1_238' title='bbox 1037 4079 1232 4153; x_wconf 86' lang='lat' dir='ltr'><strong>eventuales</strong></span> <span class='ocrx_word' id='word_1_239' title='bbox 1248 4102 1348 4152; x_wconf 89' lang='lat' dir='ltr'><strong>casus</strong></span> 
     </span>
     <span class='ocr_line' id='line_1_34' title="bbox 227 4191 1346 4294; baseline 0.003 -32"><span class='ocrx_word' id='word_1_240' title='bbox 227 4191 402 4290; x_wconf 82' lang='lat' dir='ltr'><strong>excipias,</strong></span> <span class='ocrx_word' id='word_1_241' title='bbox 432 4218 499 4265; x_wconf 91' lang='lat' dir='ltr'><strong>nou</strong></span> <span class='ocrx_word' id='word_1_242' title='bbox 526 4192 611 4267; x_wconf 91' lang='lat' dir='ltr'><strong>solet</strong></span> <span class='ocrx_word' id='word_1_243' title='bbox 633 4193 723 4266; x_wconf 88' lang='lat' dir='ltr'><strong>idem</strong></span> <span class='ocrx_word' id='word_1_244' title='bbox 743 4195 884 4268; x_wconf 91' lang='lat' dir='ltr'><strong>nocendi</strong></span> <span class='ocrx_word' id='word_1_245' title='bbox 903 4196 1054 4269; x_wconf 90' lang='lat' dir='ltr'><strong>studium</strong></span> <span class='ocrx_word' id='word_1_246' title='bbox 1073 4196 1198 4268; x_wconf 83' lang='lat' dir='ltr'><strong>durare</strong></span> <span class='ocrx_word' id='word_1_247' title='bbox 1215 4221 1256 4269; x_wconf 90' lang='lat' dir='ltr'><strong>ac</strong></span> <span class='ocrx_word' id='word_1_248' title='bbox 1271 4221 1346 4294; x_wconf 90' lang='lat' dir='ltr'><strong>per-</strong></span> 
     </span>
    </p>
   </div>
   <div class='ocr_carea' id='block_1_3' title="bbox 229 4305 1343 4410">
    <p class='ocr_par' dir='ltr' id='par_1_5' title="bbox 229 4305 1343 4410">
     <span class='ocr_line' id='line_1_35' title="bbox 229 4305 1343 4410; baseline 0.002 -32"><span class='ocrx_word' id='word_1_249' title='bbox 229 4306 370 4394; x_wconf 89' lang='lat' dir='ltr'><strong>sistero,</strong></span> <span class='ocrx_word' id='word_1_250' title='bbox 397 4324 436 4382; x_wconf 91' lang='lat' dir='ltr'><strong>ut</strong></span> <span class='ocrx_word' id='word_1_251' title='bbox 460 4308 590 4408; x_wconf 91' lang='lat' dir='ltr'><strong>aliquid</strong></span> <span class='ocrx_word' id='word_1_252' title='bbox 615 4310 659 4383; x_wconf 88' lang='lat' dir='ltr'><strong>dc</strong></span> <span class='ocrx_word' id='word_1_253' title='bbox 689 4311 834 4410; x_wconf 88' lang='lat' dir='ltr'><strong>pristina</strong></span> <span class='ocrx_word' id='word_1_254' title='bbox 865 4312 1059 4396; x_wconf 85' lang='lat' dir='ltr'><strong>intensitate</strong></span> <span class='ocrx_word' id='word_1_255' title='bbox 1086 4305 1153 4386; x_wconf 87' lang='lat' dir='ltr'><strong>non</strong></span> <span class='ocrx_word' id='word_1_256' title='bbox 1185 4312 1343 4384; x_wconf 84' lang='lat' dir='ltr'><strong>remittat.</strong></span> 
     </span>
    </p>
   </div>
   <div class='ocr_carea' id='block_1_4' title="bbox 0 0 1440 5062">
    <p class='ocr_par' dir='ltr' id='par_1_6' title="bbox 0 0 1440 5062">
     <span class='ocr_line' id='line_1_36' title="bbox 0 0 1440 5062; baseline 0 0"><span class='ocrx_word' id='word_1_257' title='bbox 0 0 1440 5062; x_wconf 95' lang='lat' dir='ltr'><strong> </strong></span> 
     </span>
    </p>
   </div>
  </div>
 </body>
</html>
