2872 5062
236 349 306 424 itt
428 374 489 424 nm.
510 373 534 423 1.
554 371 641 424 seor.
662 372 790 422 aurem.
812 374 852 422 oe
878 374 1009 425 mmm.
1030 374 1136 426 urvnr.

238 492 377 567 iecerint
406 491 628 564 christianum
658 491 852 588 coniugium
877 519 898 564 a
922 493 1122 566 sacramenti
1152 493 1341 590 dignitate,

236 633 447 709 consequens
471 607 560 694 luit,
586 623 625 680 ut
648 607 692 680 ad
716 610 800 680 meri
830 622 1020 681 contractus
1052 609 1276 683 conditionem
1301 612 1347 684 ab

236 724 325 823 ipsis
349 724 571 822 redigeretur,
600 749 769 822 quemque
790 723 961 822 principes
979 724 1080 797 unice
1095 724 1349 799 moderarentur

236 837 368 936 legibus
394 840 480 914 suis.

308 953 428 1026 Verum
457 953 593 1053 quidem
622 971 689 1041 est,
720 954 811 1054 qnod
842 954 898 1026 isti
929 955 1202 1028 neoinstitutores
1233 956 1349 1030 volne-

236 1082 313 1141 mnt
336 1068 587 1142 matrimonium
604 1095 624 1141 a
640 1070 711 1142 Ileo
728 1068 919 1141 institutum
943 1069 1067 1155 luisse,
1088 1095 1129 1142 ae
1146 1070 1348 1170 subuliquo

235 1196 389 1282 respectu
406 1196 578 1281 tamquam
602 1209 672 1256 rem
695 1209 827 1256 sacram
849 1197 1068 1279 agnoverunt,
1091 1184 1226 1282 rituque
1246 1185 1347 1257 etiam

236 1295 393 1392 religioso
419 1297 492 1370 eins
526 1296 784 1372 celebrationem
818 1296 1071 1383 adornandam;
1105 1297 1212 1371 nihilo
1236 1314 1348 1372 tamen

235 1411 349 1484 minus
367 1411 450 1484 illud
468 1428 640 1512 tamquam
658 1439 781 1512 purum
797 1412 985 1484 humanum
1002 1427 1208 1485 contractum
1226 1429 1348 1487 natura

234 1550 298 1599 sua
309 1526 606 1625 depraedicarunt,
622 1544 655 1600 et
673 1526 917 1626 dependentem
931 1526 974 1598 ab
987 1527 1181 1600 auctoritate
1198 1528 1348 1601 humana

234 1667 297 1715 seu
318 1641 453 1740 politica
469 1643 582 1740 quoad
600 1667 762 1741 personas
776 1658 809 1715 et
822 1643 983 1714 rationem
1002 1641 1094 1714 illius
1112 1643 1344 1716 contrahendi.

234 1756 273 1828 ld
299 1757 405 1856 liquet
429 1773 500 1830 tum
519 1783 560 1830 ex
581 1757 737 1844 Calvino,
767 1758 826 1856 qui
852 1758 1002 1829 divinam
1022 1759 1227 1830 matrimonii
1249 1760 1348 1832 insti-

233 1871 396 1945 tutionem
426 1889 599 1973 comparat
627 1899 703 1946 eum
728 1872 932 1970 agricultura
956 1887 990 1945 et
1013 1888 1083 1945 arte
1109 1874 1239 1946 sutoria
1264 1877 1349 1947 scri-

234 1985 338 2061 bens:
364 1989 469 2062 «Non
495 1990 579 2063 satis
603 2004 655 2062 est
678 1988 929 2062 matrimonium
954 2013 1076 2061 essen
1102 1990 1196 2075 Deo,
1225 2005 1264 2062 ut
1293 2016 1348 2064 ea-

234 2117 439 2175 cramentum
464 2104 594 2178 censeri
615 2103 749 2202 possit;
778 2128 855 2174 nam
881 2102 982 2174 etiam
1007 2102 1212 2198 agricultura
1230 2119 1265 2176 et
1289 2131 1345 2176 ars

232 2217 360 2290 sutoria
376 2233 429 2291 est
445 2243 466 2290 a
485 2219 571 2307 Deo,
591 2243 654 2291 nee
673 2234 785 2290 tamen
805 2233 858 2290 est
881 2233 1125 2290 sacramentum
1143 2219 1260 2313 (21);»
1276 2212 1346 2292 tum

233 2331 335 2405 etiam
352 2357 451 2406 exeo
467 2391 475 2420 ,
494 2329 589 2433 'quod
614 2333 868 2432 protestantium
894 2332 1047 2431 plerique
1070 2348 1183 2432 aperte
1207 2333 1349 2408 doceant

233 2471 355 2519 causae
368 2447 631 2520 matrimoniales
639 2447 684 2520 ad
697 2446 871 2545 politicum
885 2446 1116 2541 magistratum
1129 2443 1268 2521 omnino
1277 2474 1347 2546 per-

234 2560 341 2632 tinere
355 2563 444 2655 (22).
457 2557 648 2633 Kemnitius
661 2587 740 2633 vero
752 2560 916 2633 ecclesiae
934 2558 1193 2634 tantumtrihuit
1213 2588 1347 2662 respon·

234 2671 314 2746 dere
335 2672 378 2746 de
399 2675 536 2747 casibus
561 2676 806 2762 conscientiae,
836 2676 896 2774 qui
922 2676 1010 2748 circa
1036 2677 1289 2750 matrimonium
1306 2702 1344 2750 ex

233 2788 336 2862 verbo
355 2788 417 2861 Dei
438 2789 601 2888 pendent;
622 2791 709 2863 lerre
725 2806 836 2863 tamen
854 2789 945 2888 leges
963 2791 1006 2862 de
1024 2790 1259 2880 matrimonio,
1280 2819 1344 2865 non

234 2902 278 2977 ad
299 2902 493 2992 ecclesiam,
521 2905 581 2980 sed
600 2905 643 2978 ad
660 2906 831 3005 politicum
856 2902 1044 3005 principem
1069 2902 1251 3004 pertinere
1265 2933 1343 2982 con·

307 3212 358 3276 (21)
374 3215 465 3264 instit.
478 3212 522 3263 lib.
531 3214 574 3263 lv.
586 3225 639 3277 cap.
651 3216 715 3265 xlx.
727 3214 751 3278 §.
762 3219 800 3265 st.
825 3270 827 3282 ι

306 3291 357 3354 (tt)
372 3292 444 3356 Apud
452 3293 612 3344 Beliarm.De
619 3296 736 3344 mctrtrn.
747 3306 801 3357 cap.
813 3295 903 3343 xxxii
907 3328 924 3356 .,
932 3294 957 3343 et
968 3291 1025 3356 pest
1040 3289 1182 3341 Bellarmini
1199 3284 1306 3341 aetatem
1319 3289 1344 3339 id

233 3370 314 3434 iprum
322 3373 505 3434 propugnarunt
515 3372 639 3434 Stryoiriue
648 3371 1119 3435 nuisemneretrqntnsmramma
1129 3361 1345 3420 tnmutrtmontu

234 3448 319 3512 tibur,
331 3462 406 3513 qnam
422 3451 567 3502 sententiam
575 3452 621 3503 sub
629 3453 682 3503 eius
694 3450 816 3515 praesidio
830 3454 867 3501 lo.
879 3451 1007 3514 Philippus
1017 3447 1118 3500 Odeiem
1127 3449 1206 3498 Halae
1218 3452 1287 3499 titii.
1299 3461 1345 3498 am·

234 3526 417 3600 plantentur
427 3530 610 3581 matrimonium
625 3531 723 3582 nonnisi
732 3529 1011 3582 contruetnmetetlem
1021 3541 1073 3578 esse
1082 3526 1224 3599 affirmarit.
1237 3528 1348 3590 eumque

233 3608 385 3659 merchem
399 3609 426 3659 in
439 3608 620 3661 nemetensem
635 3615 752 3662 innexus
769 3624 809 3661 an.
822 3610 1178 3674 unamquamquam.
1190 3607 1346 3659 ndnhumus

233 3687 260 3738 in
276 3686 440 3741 Meletemcte
455 3687 488 3739 de
500 3692 642 3741 ranetttaie
660 3693 822 3742 matrimonii
843 3690 972 3740 adoneus
991 3691 1144 3740 contractus
1164 3699 1236 3738 mere
1256 3687 1345 3741 civiles

157 3791 160 3809 ι
233 3763 393 3830 convitium,
403 3767 429 3817 et
436 3767 592 3829 minutiem
606 3769 740 3831 Grinnerue
749 3769 775 3818 in
784 3769 885 3818 Dissert.
897 3771 934 3828 De
945 3767 998 3830 iris,
1010 3780 1078 3831 qnae
1089 3780 1122 3816 en
1133 3768 1193 3827 inre
1201 3768 1346 3832 protester·

232 3847 301 3896 tieem
309 3846 501 3897 mutrtrnontclt
511 3846 545 3898 de
554 3847 673 3913 reitqnttr
681 3849 841 3899 recrementi
849 3859 990 3912 perperam
1000 3845 1158 3908 reserantur
1170 3843 1242 3894 iliam
1255 3843 1344 3894 doctri·

231 3935 290 3976 nom
306 3925 505 3990 impugnassent,
524 3925 625 3978 odelem
638 3927 664 3978 in
673 3926 800 3991 Aperopia
815 3925 949 3977 dissertat.
960 3929 999 3976 De
1009 3924 1129 3989 reliqniis
1143 3925 1307 3974 sacramenti
1317 3925 1343 3974 tn

232 3996 642 4057 matrimonialibuslirumwioh.
652 4011 719 4058 1716.
731 4005 788 4056 int.
797 4005 934 4068 respondit:
947 4005 1005 4055 item
1016 4003 1166 4054 Boehnrerue
1174 4002 1289 4053 tumlti,
1298 4003 1343 4052 ln·

232 4085 271 4134 rie
287 4083 456 4136 mclertusttct
469 4086 691 4150 protestanttnm,
710 4085 754 4149 qui
775 4084 867 4149 pariter
885 4085 1086 4135 Dissertationum
1100 4079 1346 4146 singularem-edidit

231 4164 270 4213 De
280 4165 339 4215 ture
354 4168 507 4230 prtnctpum
519 4167 728 4230 protestantium
741 4167 813 4216 eirea
827 4164 954 4215 solemnia
971 4165 1143 4213 matrimonia
1158 4161 1343 4212 ecclesiastiea.

231 4242 310 4294 licite
321 4249 389 4297 1718.
401 4245 448 4297 etsi
460 4245 607 4308 hieructor,
622 4247 651 4296 ut
665 4244 822 4308 ridebimus,
841 4242 879 4294 uti
893 4256 946 4293 rem
963 4255 1057 4294 sacram
1072 4239 1234 4308 spectaverit,
1245 4241 1343 4304 atquea

233 4321 358 4375 indicibus
367 4325 538 4379 ecciesiasticis
548 4325 725 4378 decernendam
734 4323 851 4388 spectarit
858 4324 981 4386 coniugia.
