2872 5062
259 337 328 386 CAP.
345 338 389 386 tv.
406 337 446 386 ll!
463 337 582 388 anuuit.
600 337 659 386 rao
672 338 751 387 taut
765 340 804 387 DE
819 341 914 389 utre.
934 340 997 390 clv.
1016 342 1087 390 tur.
1105 344 1139 392 ll.
1203 321 1271 391 ΥΠ

159 455 261 528 hasce
285 455 402 528 civiles
428 455 563 555 nuptias
588 455 799 530 contrahant.
833 458 990 544 Etenim,
1020 475 1057 529 ut
1082 461 1274 535 omittamus

158 569 331 669 praesidia
355 569 530 656 indirecta,
546 568 671 669 quibus
693 585 834 643 utuntur
858 571 1053 644 enervando
1074 572 1274 670 religionem

157 683 379 772 catholicam,
407 684 533 758 bellum
559 685 637 782 iuge
663 685 841 759 indicendo
868 685 1049 773 ecclesiae,
1079 714 1275 787 promoven-

158 800 270 900 doque
288 799 619 900 protestantismum,
641 827 703 875 seu
720 801 932 899 negationem
951 802 1101 877 cuiusvis
1120 804 1275 880 christia-

159 915 260 988 nismi
291 915 451 1013 positivi,
484 916 519 987 id
549 915 699 990 obtinere
727 916 853 990 directe
882 917 984 990 etiam
1015 935 1172 1016 satagunt
1200 920 1302 993 alli-⁴

158 1030 278 1104 ciendo
318 1031 360 1104 ad
397 1031 515 1106 horum
554 1033 785 1129 coniugiorum
829 1032 979 1105 civilium
1017 1034 1273 1111 celebrationem

160 1145 393 1220 imminutione
418 1147 733 1246 impedimentorum
758 1147 988 1221 dirimentium
1018 1151 1108 1244 (bd),
1137 1150 1275 1247 abroga-

159 1262 315 1363 tioneque
344 1263 614 1361 impedientium.
641 1263 714 1336 Hac
736 1263 865 1336 ratione
891 1263 1114 1362 multiplicare
1138 1266 1276 1340 student

160 1403 241 1452 suas
266 1376 383 1450 civiles
410 1377 566 1477 nuptias,
586 1404 675 1478 quas
694 1393 805 1452 tamen
824 1404 951 1477 paucos
968 1378 1150 1457 admodum
1174 1381 1276 1455 initu-

159 1519 214 1567 ros
240 1519 317 1566 esse
341 1493 523 1567 affirmant.

232 1607 384 1680 Getemm
411 1607 523 1680 facilis
551 1624 607 1680 est
632 1608 819 1681 descensus
844 1609 977 1694 averni;
1007 1610 1089 1683 satis
1113 1627 1168 1684 est
1191 1612 1275 1684 incr-

160 1748 263 1820 pcre,
291 1738 324 1795 et
347 1721 457 1822 posita
482 1722 517 1793 in
543 1722 669 1795 malum
703 1721 934 1821 proclivitate,
963 1722 1119 1823 disrupto
1152 1750 1275 1822 aggere

158 1863 269 1936 aquae
294 1836 526 1924 dilabuntur,
563 1864 604 1911 ac
638 1838 790 1936 undique
821 1863 897 1910 sese
930 1836 1112 1911 effundunt
1145 1842 1275 1939 praeci-

159 1951 258 2049 pites.

232 2068 342 2142 Tertia
360 2096 440 2169 pars
467 2068 749 2155 ratiocinatione,
781 2094 882 2166 quam
910 2067 1118 2155 refellimuS,
1147 2069 1274 2143 codicis

159 2182 314 2282 spiritum
328 2185 550 2272 commendat,
563 2182 622 2283 qui
632 2183 808 2255 insinuare
821 2208 861 2254 ac
873 2208 1072 2281 promovere
1084 2181 1208 2256 dicitur
1220 2209 1275 2281 gess

159 2298 307 2374 noralem
332 2302 499 2398 regulam,
528 2317 566 2374 ut
590 2300 747 2396 coniugia
773 2299 838 2371 ritu
864 2299 1021 2396 religioso
1047 2299 1269 2372 celebrentur.

159 2414 278 2489 Verum
303 2417 384 2489 dum
409 2417 452 2490 de
477 2417 592 2490 codice
625 2442 735 2489 sermo
766 2432 837 2504 est,
876 2442 985 2488 sermo
1011 2432 1065 2489 est
1089 2416 1132 2489 de
1157 2417 1274 2491 codice

160 2557 228 2602 ram
254 2531 333 2604 dato
357 2557 397 2604 ac
422 2532 464 2604 de
489 2532 604 2606 codice
629 2531 741 2605 adhuc
766 2531 879 2604 dando
905 2529 1116 2630 subalpinis,
1145 2559 1206 2605 seu
1231 2534 1273 2605 de

159 2645 276 2719 codice
301 2647 388 2720 lacto
409 2673 449 2720 ac
466 2647 509 2720 de
527 2646 642 2720 codice
659 2648 694 2717 itt
710 2647 794 2745 fieri.
816 2646 850 2716 Si
869 2646 947 2719 dato
964 2646 1072 2720 codici
1093 2647 1274 2724 adiicietur

159 2760 212 2834 lex
237 2761 280 2834 de
305 2762 462 2859 coniugio
488 2787 578 2835 mere
603 2761 714 2848 civili,
736 2760 860 2834 salsum
887 2777 939 2834 est
964 2761 1122 2860 spiritum
1148 2763 1276 2836 codicis

161 2876 334 2950 insinuare
359 2903 398 2950 ac
422 2903 618 2976 promovere
643 2877 793 2975 regulam
818 2876 1009 2975 generalem
1035 2878 1077 2950 de
1103 2878 1169 2951 ritu
1196 2879 1274 2952 reli-

161 2994 255 3087 gioso
280 2994 316 3064 in
342 2994 509 3090 coniugiis
534 2993 713 3067 servando·
739 2995 831 3066 Tunc
856 2994 945 3067 enim
972 2994 1109 3093 spiritus
1135 2995 1272 3091 perlecti

159 3109 288 3183 codicis
313 3135 351 3182 se
376 3109 489 3210 prodit
513 3136 560 3182 ex·
579 3107 829 3182 oblectamentis
848 3135 887 3181 ac
904 3108 1038 3196 illiciis,
1059 3134 1147 3208 quae
1170 3109 1275 3183 codex

159 3225 235 3324 ipse
256 3225 386 3297 civibus
399 3224 549 3325 'praebet
569 3241 606 3297 ut
625 3250 702 3298 sese
723 3225 867 3298 invicem
891 3224 1096 3321 coniungant
1119 3225 1275 3323 coniugio

237 3429 288 3492 (st)
304 3431 421 3494 Superius
436 3431 543 3481 vidimus
557 3431 732 3496 impedimenta
752 3430 892 3481 dirimentis
908 3429 1026 3480 canonica
1046 3430 1161 3493 pleraque
1174 3429 1200 3479 in
1216 3430 1277 3494 legis

157 3507 325 3571 paradigmate
336 3507 411 3558 luisse
421 3509 529 3570 sublata,
541 3512 566 3559 et
577 3510 608 3559 ad
619 3523 698 3574 pauca
707 3508 808 3560 omnino
819 3507 924 3558 redacta.
932 3509 1035 3572 insuper
1045 3507 1172 3572 proposita
1179 3508 1219 3558 lex
1229 3509 1276 3572 pie

157 3586 285 3636 nissimam
294 3587 435 3638 facultatem
445 3589 557 3638 concedit
570 3588 621 3651 regi
632 3586 908 3651 dispensandtinprimo
917 3586 1044 3638 affinitatis
1052 3587 1129 3651 gradu
1138 3588 1191 3639 sive
1200 3602 1229 3638 ex
1241 3589 1274 3638 le·

154 3662 244 3727 gitima
252 3664 305 3715 eive
316 3678 346 3714 ea
357 3665 485 3728 illegitima
495 3665 599 3729 copula,
608 3678 654 3716 nec
664 3679 713 3716 non
725 3664 750 3714 iu
759 3665 940 3730 impedimentis
950 3666 1182 3729 consangnineitatis
1189 3668 1214 3717 et
1223 3666 1275 3716 aiii·
1339 3674 1342 3680 '

158 3743 244 3795 uitatis
251 3744 316 3794 inter
325 3747 438 3808 patruos,
448 3747 550 3808 amitas,
561 3747 661 3810 nepotes
669 3759 697 3796 ac
703 3747 801 3809 neptes,
810 3748 838 3795 ut
843 3746 866 3796 ei
874 3744 1006 3808 exprobret
1016 3748 1113 3797 senator
1123 3746 1279 3808 impugnator

161 3822 229 3887 legis.
240 3823 299 3873 vid.
311 3827 406 3874 senato
416 3823 460 3873 det
474 3829 566 3886 Reque.
575 3825 682 3875 Tornata
692 3823 732 3874 dcl
746 3831 783 3875 te.
794 3823 906 3875 Dicemb
917 3830 1048 3888 tetmpag.
1058 3831 1112 3875 tto.
1120 3824 1168 3873 coi.
1181 3831 1204 3874 2.
1213 3824 1275 3882 Quis

158 3915 232 3966 porro
246 3903 340 3953 nmdat
354 3903 475 3953 eiusmodi
486 3902 679 3967 dispensationes
688 3903 735 3953 soli
746 3903 878 3967 ecclesiae,
888 3917 931 3954 seu
943 3917 1005 3954 rom.
1017 3902 1126 3967 pontifici
1136 3915 1188 3954 esse
1198 3916 1273 3954 reser-

157 3985 244 4033 vatas?
257 3982 318 4042 Quis
332 3982 429 4046 ignerat
443 3983 563 4034 eiusmodi
580 3984 763 4034 coniunctiones
773 3997 788 4033 a
799 3986 851 4034 Deo
864 3983 890 4034 in
901 3984 1007 4035 Levitic.
1022 3985 1109 4034 xviii.
1125 3982 1200 4034 tuisse
1219 3997 1273 4047 pro·

155 4061 262 4113 bibitus?
277 4063 390 4113 Attamen
406 4063 432 4112 in
446 4062 507 4126 legis
521 4061 665 4126 subalpinae
679 4062 846 4126 paradigmate
863 4074 967 4126 persona
978 4063 1041 4126 regis
1054 4064 1167 4126 exempta
1182 4062 1215 4112 ab
1229 4063 1274 4113 im·

157 4142 305 4206 pedimentis
327 4142 352 4192 iu
368 4141 454 4193 eadem
472 4142 599 4192 recensitis
613 4142 760 4194 declaratur.
773 4144 853 4205 Atque
863 4143 917 4193 baie
928 4143 1026 4194 demum
1034 4142 1114 4194 obiter
1123 4141 1216 4195 adnoto
1225 4155 1275 4195 neu

113 4265 114 4268 ,
155 4222 205 4272 atta
216 4222 243 4272 iu
255 4235 285 4272 ea
299 4222 352 4286 iege
366 4223 542 4287 impedimenta
563 4221 703 4273 dirimentia
723 4223 827 4287 proponi
843 4221 991 4286 praeteritis
1003 4221 1071 4286 ipsa,
1083 4236 1146 4286 quae
1156 4224 1275 4274 statuerat

159 4302 292 4352 tetherus.
