2872 5062
270 323 350 389 'oin
369 340 605 391 runcantur.
623 340 681 392 rao
699 341 777 392 irae
795 343 834 394 on
852 344 1020 394 amnon.
1033 346 1102 396 ror.
1121 348 1142 395 1.
1222 328 1286 398 341

180 460 288 530 locum
313 459 439 531 babere.
471 459 541 533 lloc
568 461 726 534 nimirum
751 478 803 534 est
829 464 918 561 quod
943 464 1155 538 vaferrimam
1182 467 1290 567 hypo·

177 573 287 647 crisin
311 574 528 662 vocavimus;
556 576 655 674 quasi
682 575 810 649 seilicet
823 577 949 650 desolo
967 604 1049 650 casu
1067 581 1287 677 exceptionali

178 708 212 763 et
231 707 348 764 contra
371 690 576 787 legislatoris
601 707 743 765 mentem
768 692 1037 793 voluntatemque
1061 711 1225 791 ageretur,
1249 725 1289 771 ae

175 807 362 903 generatim
383 807 542 904 religiosa
568 809 773 883 consecratio
802 810 946 884 maxime
975 810 1067 882 cordi
1095 810 1283 884 haberetur.

177 923 219 995 At
232 923 263 996 si
278 923 371 996 cordi
385 949 493 1021 aeque
514 924 633 998 luisset
646 924 700 998 his
713 925 964 1021 legislatoribus
986 925 1071 998 ritus
1091 952 1152 998 seu
1170 953 1289 1001 conse-

175 1038 282 1111 cratio
308 1037 485 1136 religiosa,
507 1039 681 1113 debuisset
693 1040 736 1112 ob
753 1040 892 1113 rationis
910 1040 1085 1139 paritatem
1105 1043 1282 1130 constitui,

176 1170 286 1226 ratum
304 1152 374 1226 lore
393 1169 597 1227 contractum
620 1154 817 1252 religiosum
838 1155 906 1227 illis
924 1157 959 1227 in
978 1154 1133 1243 casibus,
1157 1158 1190 1228 in
1209 1159 1286 1256 qui-

175 1269 240 1342 bus
258 1284 351 1340 octus
368 1270 478 1342 civilis
496 1270 584 1341 houd
591 1274 734 1368 potuerit
748 1272 851 1342 locum
866 1271 991 1342 babere.
1004 1272 1063 1343 Ast
1077 1271 1125 1342 illi
1140 1275 1285 1346 maxime

173 1400 334 1458 caverunt
358 1385 401 1456 ab
426 1385 491 1458 hoc
517 1387 720 1470 sanciendo,
741 1387 823 1485 quia
840 1386 1026 1459 contrarius
1052 1387 1190 1460 omnino
1214 1405 1286 1461 erat

173 1499 258 1595 legis
276 1501 472 1572 statuendae
491 1527 632 1598 scopus,
649 1527 769 1598 nempe
786 1516 822 1572 ut
839 1515 933 1572 actus
950 1527 1011 1572 seu
1028 1517 1217 1575 contractus
1235 1504 1284 1576 ci-

172 1613 253 1686 vilis
271 1614 314 1685 ad
336 1612 562 1686 exclusionem
588 1615 849 1688 consecrationis
875 1613 1053 1710 religiosae
1079 1616 1278 1688 sanciretur.

246 1729 420 1800 Praeterea
445 1755 510 1801 non
535 1729 589 1826 agi
616 1729 651 1800 in
677 1729 741 1800 boc
766 1728 849 1824 legis
875 1727 1046 1800 schemate
1063 1728 1105 1799 de
1124 1729 1206 1802 solis
1224 1757 1281 1802 ca-

171 1842 269 1915 sibus
294 1843 599 1941 exceptionalibus,
620 1869 696 1916 oum
715 1859 809 1916 actus
826 1842 1006 1940 religiosus
1025 1843 1135 1915 locum
1155 1844 1281 1918 habere

170 1959 314 2057 nequit,
342 1985 383 2031 ex
408 1986 448 2033 eo
474 1975 582 2058 patet,
611 1959 703 2058 quod
729 1960 765 2030 hi
791 1958 1000 2054 legislatores
1020 1960 1053 2029 in
1071 1960 1173 2031 totius
1195 1959 1280 2058 legis

170 2074 342 2149 schemate
367 2103 429 2149 nec
453 2077 591 2152 verbum
618 2102 679 2148 nec
705 2074 869 2174 syllabam
895 2074 1081 2146 adiecerint
1097 2074 1141 2146 de
1162 2102 1280 2150 neces-

169 2191 270 2265 sitate
287 2206 382 2265 actus
400 2191 567 2288 religiosi,
589 2189 932 2288 proclamaverintque
950 2189 1195 2288 separationem
1213 2191 1280 2289 ple

168 2331 263 2393 nam,
285 2322 386 2405 atque
404 2305 700 2406 independentiam
717 2305 945 2379 omnimodam
970 2303 1174 2378 matrimonii
1201 2307 1280 2379 civi-

166 2418 210 2494 lis
223 2448 243 2494 a
257 2423 468 2495 matrimonio
486 2421 656 2519 religioso.
666 2421 764 2507 Quod
778 2420 981 2520 principium
995 2446 1072 2492 cum
1088 2410 1278 2496 uniuersale

168 2538 231 2626 sit,
255 2554 385 2612 constat
407 2540 450 2612 ad
477 2566 576 2612 omne
600 2538 792 2635 coniugium
818 2536 970 2623 extendi,
990 2551 1023 2609 et
1041 2562 1107 2610 non
1125 2537 1168 2609 ad
1186 2537 1276 2612 solos

165 2681 267 2728 casus
292 2656 539 2754 exceptionales
563 2656 738 2729 coarctari.

238 2771 382 2859 Deinde,
404 2772 434 2844 si
452 2800 491 2846 ex
510 2773 728 2871 ipsorummet
749 2769 1106 2871 pseudo-politicorum
1124 2771 1274 2844 doctrina

164 2888 359 2985 coniugium
386 2914 476 2960 mere
501 2888 600 2962 civile
626 2888 761 2986 plenum
792 2886 1041 2986 perlectumque
1066 2886 1101 2955 in
1126 2887 1274 2958 essentia

165 3031 229 3077 sua
252 3005 455 3077 matrimonii
481 3021 556 3090 est,
583 3005 630 3075 ita
654 3020 692 3075 ut
716 3003 803 3073 nihil
821 3003 852 3074 oi
871 3002 975 3086 desit,
1001 3001 1083 3098 quin
1105 3001 1271 3073 eiusmodi

164 3119 325 3215 coniuges
342 3119 405 3191 tuti
420 3118 454 3190 in
469 3118 673 3192 conscientia
693 3144 755 3190 sua
776 3143 852 3189 esse
877 3115 1028 3201 valeant,
1057 3113 1272 3186 manifestum

162 3248 234 3321 est,
257 3235 376 3307 nonin
394 3235 476 3309 solis
494 3234 630 3307 casibus
647 3231 957 3332 excepticnalibuS,
979 3229 1038 3302 sed
1057 3257 1190 3329 semper
1207 3230 1271 3304 hac

162 3351 349 3425 rationead
363 3378 513 3425 normam
535 3341 646 3422 civilis
672 3349 757 3447 legis
783 3347 943 3420 celebrari
971 3347 1128 3444 coniugia
1154 3372 1266 3445 posse.

235 3468 395 3553 Demum3
425 3468 505 3541 dato
529 3467 651 3551 etiarn,
679 3452 770 3564 quod
796 3479 949 3560 ageretur
974 3479 1102 3536 tantum
1121 3464 1156 3534 in
1174 3465 1269 3561 praxi

160 3583 204 3655 de
228 3583 364 3656 casibus
391 3580 694 3681 exceptionalibus,
723 3578 888 3652 eiusmodi
916 3578 1080 3651 restrictio
1108 3604 1175 3650 non
1203 3579 1267 3649 iam

159 3699 300 3796 exlege
333 3701 504 3800 proposita
538 3697 746 3780 dimanaret,
779 3694 840 3767 sed
871 3695 970 3767 unice
995 3721 1034 3767 ex
1062 3693 1268 3766 conscientia

160 3813 383 3887 subditorum.
412 3814 484 3886 Etsi
512 3813 601 3885 enim
627 3811 680 3883 lex
700 3809 798 3884 civile
818 3809 1011 3907 coniugium
1037 3808 1192 3881 omnibus
1219 3807 1267 3876 in-

157 3928 417 4000 discriminatim
431 3942 612 4026 proponat,
630 3942 740 3998 tamen
754 3923 921 4009 catholici,
938 3925 1128 4022 inquorum
1143 3921 1265 3993 animis

159 4042 244 4117 fides
270 4044 414 4116 extincta
440 4042 550 4114 adhuc
577 4067 642 4114 non
668 4057 734 4127 est,
755 4039 922 4112 aludiora
945 4037 1002 4109 illa
1023 4036 1259 4122 celebratione,

156 4186 244 4259 quae
274 4185 386 4233 coram
413 4159 485 4232 solo
511 4158 623 4230 iudice
648 4157 734 4230 laico
760 4157 834 4229 sine
858 4172 933 4229 actu
960 4154 1115 4249 religioso
1144 4153 1259 4237 fieret,

157 4277 285 4376 passim
311 4276 509 4374 relegerent.
540 4275 659 4349 Verum
685 4299 744 4373 per
769 4299 818 4358 se,
847 4287 881 4344 et
906 4298 945 4344 ex
972 4269 1154 4344 intentione
1178 4268 1264 4366 legis
