2872 5062
197 340 266 390 aaa.
279 337 323 388 ιι.
337 339 377 388 nn
392 339 510 390 iacun.
525 339 583 393 rna
596 339 675 390 near
687 341 727 391 nn
740 343 835 393 ιιιιιι.
846 342 909 394 arv.
921 344 991 394 ιιι.
1008 346 1056 396 ιιι.
1135 324 1202 397 iti

37 555 40 559 Ι
99 455 168 529 lam
194 481 273 530 vero
297 443 436 556 ipsoex
461 457 591 556 tripode
616 461 833 558 pronunciat:
848 462 978 535 «Unica
997 462 1083 536 sacta
1100 481 1153 537 est
1170 467 1204 536 in

37 562 40 568 ⁶
97 571 241 647 concilio
267 570 450 646 tridentino
474 573 666 671 dogmatica
690 574 863 665 definitio,
892 603 1012 679 nempe
1036 581 1206 655 matrimo-

97 687 192 760 nium
205 713 284 761 esse
295 703 556 777 sacramentum
570 691 699 791 reliqua
711 692 824 766 amnia
836 693 1070 793 disciplinaria
1086 712 1201 770 sunt.»

95 801 147 873 Ad
173 803 258 876 haec
281 829 391 903 usque
416 819 586 904 tempora,
607 807 636 880 si
655 834 758 881 unum
783 808 932 908 excipias
956 809 1206 885 serni-luthera-

96 943 178 990 num
196 918 380 992 launoium
405 920 518 1016 (toi),
543 938 576 994 et
601 921 748 1020 reliquos
772 923 832 1023 qui
856 950 932 997 enm
957 925 1206 1025 exscripserunt

96 1057 223 1133 eosque
235 1033 459 1133 paucissimos
473 1033 643 1108 sublestae
656 1035 737 1109 fidei
750 1036 917 1125 homines,
929 1037 1092 1111 creditum
1105 1039 1204 1112 estin

96 1149 256 1222 universa
276 1146 419 1222 ecclesia
443 1147 620 1222 duodecim
646 1175 791 1224 canones
817 1150 1022 1247 dogmaticos
1041 1177 1062 1223 a
1078 1151 1205 1225 triden-

96 1261 167 1335 tino
192 1261 228 1333 in
257 1259 322 1335 hac
347 1286 434 1335 sess.
450 1262 562 1334 XXIV.
588 1263 696 1338 editos
721 1258 841 1337 luisse.
871 1264 968 1350 Quod
995 1265 1025 1338 si
1051 1265 1203 1339 nonnulli

95 1402 136 1449 ex
154 1376 211 1450 his
232 1376 418 1450 canonibus
438 1375 564 1450 habent
583 1404 643 1477 pra
665 1379 794 1452 obiecto
819 1379 991 1453 materiam
1012 1379 1204 1482 disciplina·

95 1517 181 1578 rem,
204 1490 394 1564 cuiusmodi
413 1506 465 1564 est
481 1491 665 1566 caelibatus
691 1492 887 1568 clericorum
905 1509 937 1567 et
955 1493 1199 1592 religiosarum,

95 1631 171 1678 cum
202 1620 314 1679 umen
340 1604 424 1679 haec
449 1596 631 1708 disciplina
658 1609 804 1708 pendeat
827 1636 848 1683 a
871 1610 968 1697 iure,
996 1611 1087 1710 quod
1115 1612 1201 1686 divi·

95 1720 185 1795 nitus
209 1720 481 1800 habetecclesia
505 1723 541 1794 in
574 1723 648 1821 lege
672 1725 879 1812 sancienda,
907 1750 1053 1800 canones
1085 1753 1203 1802 omnes

94 1835 274 1932 dogmatici
295 1854 588 1937 sunt,qu1aeunt
611 1865 688 1912 cum
714 1841 787 1913 iure
811 1841 928 1915 intime
953 1843 1141 1933 coniuncti,
1162 1870 1203 1918 ac
1280 1923 1282 1928 ,

95 1951 219 2026 directe
242 1951 297 2026 ius
321 1952 434 2052 ipsum
454 1978 494 2025 ac
516 1953 638 2050 dogma
663 1954 814 2028 alliciunt
837 1971 870 2028 et
894 1957 1061 2055 attingunt
1085 1960 1197 2055 (103).

165 2069 208 2141 Et
228 2095 311 2143 sane
332 2069 511 2142 concilium
537 2086 681 2144 mentem
707 2097 802 2144 suam
828 2073 936 2170 aperit
960 2074 1041 2145 dum
1067 2075 1202 2171 profite-

33 2220 35 2224 ·
94 2199 147 2256 tur
164 2182 303 2257 seualle
324 2183 485 2283 praebere
510 2184 691 2257 doctrinam
708 2185 747 2256 de
764 2201 964 2258 sacramento
981 2189 1197 2272 matrimonii,

94 2300 281 2399 etquidem
308 2300 352 2374 ad
380 2302 572 2398 insipniorea
602 2301 745 2373 haereses
769 2315 799 2371 et
824 2326 946 2373 errores
974 2302 1148 2399 impioram
1172 2317 1203 2375 et

91 2416 368 2488 schismaticorum
400 2416 563 2488 laminam
590 2415 851 2488 exterminandos
879 2415 992 2511 (tii).
1022 2415 1120 2501 Quod
1146 2416 1199 2490 vel

93 2530 167 2628 ipse
190 2529 314 2604 Paulus
345 2530 484 2629 Sarpius
517 2531 670 2627 agnovit,
704 2530 784 2602 durn
814 2529 978 2603 absonum
1008 2531 1117 2603 visum
1149 2530 1201 2604 su-

93 2646 162 2720 issa
186 2646 331 2745 politicis
357 2647 484 2734 refert,
520 2644 610 2720 velut
643 2647 820 2718 articulum
843 2645 922 2744 fidei
950 2646 1048 2733 lieri,
1076 2672 1201 2720 causas

92 2761 353 2835 matrimoniales
386 2777 538 2862 spectare
569 2762 613 2834 ad
645 2761 776 2834 iudices
809 2759 1075 2849 ecclesiasticae,
1104 2779 1201 2860 prout

93 2877 216 2951 lactum
248 2894 300 2951 est
332 2904 353 2950 a
383 2877 525 2951 concilio
556 2900 684 2951 canone
717 2878 790 2948 llll.
824 2877 911 2974 Ergo
943 2903 1018 2950 cnm
1053 2902 1199 2950 canonas

92 2991 148 3067 isti
164 2992 247 3066 editi
267 3008 363 3080 sunt,
389 2992 432 3065 ab
457 2992 613 3066 omnibus
637 2992 686 3075 nti
712 2992 892 3089 dogmatici
920 2991 1053 3063 luerunt
1073 2989 1194 3062 habiti.

92 3106 135 3179 Et
157 3131 235 3181 ecca
255 3134 344 3181 nnnc
363 3124 498 3181 senator
521 3107 725 3181 taurinensis
744 3122 821 3205 post
838 3107 901 3178 tria
921 3131 1028 3204 eoque
1053 3104 1199 3205 amplius

93 3218 207 3293 secula
232 3245 293 3294 nos
319 3221 454 3308 edocet,
475 3222 504 3295 si
523 3247 626 3294 unum
651 3221 816 3321 excipias,
846 3219 992 3319 reliquos
1013 3244 1129 3293 omnes
1147 3245 1200 3293 ea-

93 3361 198 3410 nones
223 3335 421 3410 tridentinos
444 3363 520 3410 esse
545 3336 793 3437 disciplinares.
810 3335 930 3408 Verum
947 3335 990 3409 de
1010 3335 1074 3410 hoc
1099 3362 1198 3433 argu-

94 3465 206 3525 mento
231 3450 316 3525 alias
338 3452 461 3526 redibit
485 3477 607 3525 sermo.

163 3719 229 3783 (ιιι)
244 3721 281 3770 De
296 3720 405 3771 Launmo
421 3723 480 3772 Vtro
493 3719 633 3771 lutheranae
641 3722 669 3770 in
680 3719 774 3770 habitu
785 3721 920 3773 sorbonico
935 3724 1083 3786 nuncupato.
1101 3717 1139 3770 ci.
1154 3720 1197 3770 zu·

89 3799 198 3850 ebanem
210 3800 235 3849 in
247 3799 440 3862 Anttfebroato,
451 3799 490 3850 ed.
502 3808 526 3852 a.
537 3802 630 3850 cesena
642 3804 709 3851 177⁰.
718 3800 890 3851 introduzione
907 3814 960 3864 cap.
974 3804 1017 3851 vi.
1029 3800 1052 3864 §.
1065 3804 1095 3850 ii.
1106 3813 1131 3864 p.
1144 3806 1198 3850 tto.

90 3880 163 3930 certe
181 3882 237 3931 Ant.
252 3881 376 3944 Reiectus,
395 3882 480 3930 auctor
496 3882 646 3944 protestans,
667 3881 776 3943 vulgavit
791 3881 976 3931 amstelodamii
991 3893 1030 3930 an.
1047 3885 1116 3930 tato.
1135 3892 1197 3942 opus

92 3958 159 4023 qnod
177 3959 313 4024 inscripsit:
328 3963 441 4011 Ioannes
456 3963 590 4011 Laenates
606 3962 678 4010 testis
690 3963 715 4010 et
724 3959 857 4021 consessor
867 3963 988 4011 certata
997 3955 1197 4022 eeanyetic'oea·

92 4039 204 4091 thelicae
215 4041 320 4105 (nempe
331 4040 488 4092 lutheranae
497 4040 506 4104 )
516 4043 542 4090 tn
552 4041 699 4105 potioribus
705 4039 772 4102 fidei
781 4040 912 4105 captatur
923 4041 1096 4090 controversis
1105 4040 1198 4089 contra

92 4120 235 4171 icamiam
246 4120 447 4172 Bellartntnam.

160 4198 226 4262 (¹⁰3)
245 4201 278 4250 ut
294 4200 362 4264 putet
372 4213 402 4249 ex
414 4200 506 4249 attenta
517 4199 620 4251 lectione
629 4200 731 4250 canonis
741 4201 781 4249 ix.

165 4280 230 4343 (toi)
248 4283 280 4331 In
289 4282 421 4345 prooetnio
432 4293 490 4330 sess.
503 4282 589 4332 xxiv.
