2872 5062
246 333 315 403 266
463 353 523 402 uo.
545 352 569 401 r.
590 352 677 402 srcr.
699 353 828 401 iurem.
850 351 1161 405 unumunurm.

241 473 297 547 dis
309 497 385 546 cum
399 452 560 567 religione
576 470 774 558 christiana,
795 472 829 543 in
848 498 916 571 qua
932 471 1058 569 optime
1075 485 1251 556 noverant,
1271 471 1352 543 fide-

241 588 292 662 les
318 587 533 663 matrimonia
558 587 753 661 contrahere
777 586 971 686 praesulum
996 587 1099 658 ductu
1119 603 1152 659 et
1177 587 1349 685 auspicio,

239 721 275 779 et
291 703 326 777 in
347 731 416 803 qua
431 702 588 801 coniugia
605 729 646 775 ex
662 703 752 776 avita
772 703 950 775 traditione
974 703 1081 774 teneri
1107 701 1260 775 sciebant
1284 728 1354 775 non

240 819 350 896 solum
375 819 424 893 uti
444 845 498 893 res
518 845 651 907 sacras,
678 846 794 892 rerum
815 819 915 893 etiam
932 836 970 891 ut
986 833 1216 905 sacramenta,
1239 833 1355 918 utpote

239 935 349 1034 gratia
374 933 606 1008 sanctificante
623 961 644 1008 a
660 934 796 1008 Christo
822 949 989 1007 servatore
1014 948 1127 1019 aucta3
1148 933 1184 1004 in
1210 933 1355 1032 quade

239 1077 333 1126 mum
350 1066 529 1138 noverant,
548 1051 643 1124 nefas
661 1050 768 1123 fuisse
784 1048 1055 1124 christifidelium
1072 1048 1209 1148 nuptias
1222 1049 1354 1125 censeri

239 1165 407 1240 inferioris
440 1166 569 1241 ordinis
598 1192 701 1265 quam
732 1167 868 1266 nuptiae
894 1164 1111 1251 infidelium3
1139 1163 1232 1262 quod
1266 1178 1355 1238 certe

238 1280 456 1377 contigisset,
480 1282 509 1354 si
532 1282 794 1355 christianorum
818 1280 988 1356 connubia
1012 1279 1238 1354 contractibus
1263 1305 1354 1353 mere

238 1393 397 1469 civilibus
422 1397 687 1470 accensuissent.
708 1397 861 1471 Ceterum
879 1409 1008 1470 constat
1025 1420 1065 1467 ex
1082 1394 1182 1467 dictis
1204 1420 1273 1467 non
1294 1394 1354 1466 ob

239 1509 383 1584 tinuisse
407 1537 510 1610 penes
535 1538 711 1599 romanos,
740 1538 802 1584 nec
827 1512 917 1610 apud
943 1511 1029 1585 alias
1055 1524 1192 1608 gentes,
1213 1525 1251 1582 ut
1275 1536 1354 1582 con-

238 1641 363 1701 tractus
389 1625 549 1728 nuptialis
575 1643 652 1700 ante
676 1628 909 1724 magistratus,
930 1642 988 1699 aut
1005 1626 1159 1726 publicos
1180 1624 1352 1698 ministros

238 1768 451 1843 quocumque
469 1743 603 1816 nomine
621 1758 800 1831 vocentur,
823 1743 1057 1817 celebraretur.
1079 1742 1241 1840 Adeoque
1253 1767 1297 1813 ne
1309 1741 1354 1813 lo·

239 1881 316 1933 cum
331 1858 469 1958 quidem
482 1873 562 1931 tuno
575 1859 734 1958 temporis
752 1858 878 1932 habere
895 1859 1061 1958 potuisset
1077 1857 1250 1930 distinctio
1268 1857 1354 1931 inter

237 1966 428 2049 contractus
453 1974 647 2072 coniugales
673 1975 815 2063 civiles,
844 1991 944 2074 etque
970 1973 1161 2072 religiosos.

311 2089 467 2164 Nondum
490 2108 582 2164 aetas
599 2089 659 2163 illa
679 2091 843 2164 maiorum
868 2107 1062 2164 assueverat
1083 2116 1160 2164 cum
1184 2089 1352 2162 atheismo

238 2203 296 2278 ilto
321 2206 469 2305 practico
490 2206 606 2303 legali,
636 2207 696 2306 qui
726 2206 781 2279 his
807 2206 1014 2306 temporibus
1039 2206 1131 2304 apud
1153 2204 1352 2304 pseudopo

237 2319 347 2396 liticos
368 2322 512 2396 obtinuit
525 2349 564 2396 ac
575 2321 725 2397 inolevit.
749 2323 904 2396 Nondum
926 2321 1154 2421 philosophia,
1171 2347 1275 2420 quam
1292 2321 1352 2392 im-

238 2436 372 2536 proprie
388 2453 527 2523 vocant,
551 2436 764 2510 socialismus
787 2454 820 2508 et
840 2437 1102 2510 communismus
1121 2436 1348 2520 invaluerant,

237 2550 297 2649 qui
325 2549 453 2624 abiecte
483 2550 567 2624 adeo
597 2551 639 2623 de
664 2551 820 2649 coniugio
852 2550 1034 2650 loquuntur
1060 2567 1093 2624 et
1116 2551 1295 2650 disputant
1316 2566 1352 2622 ut

236 2664 324 2736 nihil
348 2666 560 2739 communius
580 2693 657 2741 cum
683 2668 810 2763 ingenti
836 2667 1007 2741 societatis
1029 2667 1139 2766 ipsius
1165 2667 1295 2741 iactura
1315 2691 1352 2739 ac

235 2777 433 2852 detrimento
455 2778 572 2852 audire
597 2781 780 2878 possimus.
795 2781 881 2854 Fieri
902 2783 1003 2878 igitur
1027 2783 1165 2882 nequit,
1187 2797 1225 2854 ut
1243 2782 1279 2853 in
1298 2806 1352 2854 an-

236 2893 391 2993 tiquitate
408 2893 461 2970 vel
483 2894 560 2993 ipsa
584 2896 817 2993 coniugiorum
841 2923 932 2968 mere
957 2896 1106 3008 civilium
1132 2896 1278 2994 vestigia
1302 2921 1351 2968 re-

236 3009 428 3109 perientur,
458 3011 493 3081 in
519 3010 631 3083 media
655 3013 853 3111 praesertim
884 3012 1070 3086 christiana
1096 3013 1269 3086 societate.

309 3125 406 3212 Quod
425 3127 455 3199 si
473 3127 639 3226 quaedam
665 3128 876 3202 obscuriores
897 3129 1143 3202 haereticorum
1164 3143 1276 3202 sectae
1293 3125 1350 3200 ab

236 3240 320 3315 iscte
339 3241 382 3314 de
402 3242 530 3341 nuptiis
557 3243 682 3316 sentire
706 3244 801 3319 visae
826 3261 926 3332 eunt,
956 3259 993 3316 ut
1017 3244 1198 3344 pleraeque
1223 3242 1351 3341 gnosti-

235 3378 349 3429 corum
362 3355 528 3443 familiae,
545 3359 738 3448 encratitae,
751 3359 957 3447 manichaei,
971 3352 1098 3458 aliique
1111 3358 1246 3432 sectarii
1260 3361 1346 3455 (19),

236 3496 278 3544 ex
294 3470 372 3544 aliis
390 3473 546 3561 omnino,
567 3474 677 3574 iisque
697 3475 873 3548 contrariis
893 3473 1026 3573 placitis
1043 3474 1078 3545 in
1092 3499 1167 3547 eam
1185 3473 1350 3548 devenere

236 3587 443 3688 opinionem.
468 3589 602 3664 Scilicet
627 3618 768 3667 excessu
793 3606 975 3692 peccarunt
1005 3591 1048 3664 ob
1073 3608 1349 3692 praeconceptam

233 3703 431 3804 plerumque
450 3705 652 3803 virginitatis
674 3708 785 3782 ideam
806 3723 886 3781 tunc
911 3708 1056 3781 maxime
1081 3705 1346 3807 praevalentem,

234 3844 405 3921 quamque
430 3819 478 3892 illi
504 3821 663 3897 haeretici
690 3824 868 3897 stultorum
894 3849 1011 3910 more,
1047 3823 1104 3922 qui
1138 3822 1220 3894 dum
1246 3822 1349 3896 vitant

232 3932 326 4022 vitia,
341 3933 424 4008 vitia
437 3934 473 4008 iu
486 3937 653 4011 contraria
667 3954 817 4027 currunt,
834 3937 881 4011 ita
893 3953 1133 4037 suspexerunt,
1146 3952 1184 4009 ut
1196 3936 1344 4037 nuptias,

234 4073 294 4122 seu
311 4049 422 4150 potius
440 4051 632 4151 nuptiarum
658 4079 759 4126 usum
783 4068 955 4153 tamquam
982 4052 1107 4125 malum
1134 4051 1342 4126 damnarent.

304 4234 354 4298 (19)
369 4239 422 4288 Hos
438 4236 497 4288 data
511 4250 585 4301 opere
600 4238 742 4290 refellerent
756 4253 776 4290 s.
789 4241 920 4302 Irenaeus,
937 4239 1050 4290 clemens
1066 4239 1141 4302 alex„
1152 4237 1345 4303 supponas,

232 4311 415 4376 Theodorctus,
428 4315 448 4366 si
459 4317 607 4380 Augustinus
617 4318 711 4382 otiique
722 4317 900 4369 haereticorum
911 4318 1102 4382 impugnatores.-
