2872 5062
160 354 230 427 121
278 416 281 422 ,
377 377 439 426 ru.
459 375 483 426 r.
503 372 590 424 sacr.
611 375 634 424 1.
655 375 695 424 nn
712 375 842 425 aranu.
862 373 1074 427 sscmsnnro.

158 492 282 569 Christi
312 517 389 566 cum
420 491 583 580 ecclesie,
611 507 743 565 etcum
774 492 893 568 anima
918 493 1186 591 significandam.
1214 497 1263 570 m

158 608 275 681 eodem
293 606 383 683 Cano
399 607 503 682 verba
523 608 606 682 haee
630 608 707 706 ipsa
720 609 937 683 constituunt
953 611 1141 699 materiam,
1158 638 1263 711 quere

158 724 259 822 igitur
283 749 349 798 non
375 740 529 824 poterunt
552 724 753 798 constituere
777 724 943 798 sormam?
959 727 1026 799 Nec
1050 725 1162 815 obest,
1183 727 1262 801 tnnc'

157 865 259 940 posse
288 840 480 939 quempiam
505 839 606 912 simul
631 854 785 936 agentem
808 865 847 913 ac
872 841 1050 938 patientem
1075 867 1171 929 esse,
1199 867 1262 916 seu

158 955 378 1053 proferentem
395 954 554 1040 sormam,
575 970 608 1028 et
624 955 836 1054 recipientem
854 955 979 1030 formae
994 957 1164 1044 effectum;
1183 984 1260 1030 nam

156 1070 291 1145 diverso
308 1069 372 1144 sub
390 1087 543 1168 respectu
558 1070 794 1169 unusquisque
810 1072 1076 1145 contrahentium
1088 1089 1140 1146 est
1157 1099 1262 1170 agens

157 1204 191 1260 et
215 1187 368 1285 petiens,
397 1187 569 1261 conserens
594 1212 635 1261 ae
659 1187 857 1286 suscipiens
873 1203 1136 1276 sacramentnm,
1164 1207 1263 1288 prout

156 1302 258 1402 etiam
275 1301 437 1398 contingit
460 1301 496 1374 in
520 1298 690 1376 contractu
716 1301 806 1375 civili
831 1301 996 1398 coniugii,
1016 1301 1091 1399 ipso
1108 1301 1264 1375 Canof-

158 1429 263 1502 tense,
291 1415 358 1488 imo
382 1431 416 1488 et
440 1415 673 1490 contendente.
1178 1425 1180 1428 ’

229 1529 284 1602 Sic
307 1529 521 1603 verissimum
545 1556 680 1629 quoque
696 1546 749 1608 est
764 1531 877 1619 verba,
898 1557 986 1630 quae
1002 1531 1140 1604 formem
1159 1531 1193 1602 in
1212 1557 1263 1605 sn·

157 1645 336 1719 crementis
353 1644 574 1732 constituunt,
594 1645 716 1719 debere
732 1646 1059 1734 esse.determinate‚·
1073 1646 1133 1720 sed
1151 1648 1263 1746 quoad

159 1786 314 1848 sensum,
342 1775 380 1833 ut
405 1775 496 1858 patet
520 1761 556 1833 in
580 1761 782 1860 quibusdam
807 1762 884 1836 eliis
910 1763 1147 1848 sacramentis,
1175 1788 1264 1862 quae

157 1875 301 1949 diversis
325 1874 437 1948 verbis
453 1901 474 1947 a
491 1875 621 1972 graecis
634 1892 666 1948 et
683 1875 796 1950 latinis
814 1876 1109 1949 administrantem
1123 1878 1193 1948 lmo
1212 1875 1264 1948 in-

158 1989 288 2064 terdum
306 2016 367 2088 pro
378 1990 528 2064 ¹dirersis
550 1990 756 2090 temporibus
774 1991 808 2072 in
827 1990 930 2065 latina
947 1991 1022 2090 ipsa
1038 1990 1182 2065 ecclesia
1205 2016 1265 2064 vn-

158 2105 209 2178 ria
225 2105 337 2205 quoad
363 2132 483 2180 sonum
507 2105 609 2180 verba
634 2106 768 2180 fuerunt
787 2109 875 2202 (33).
892 2106 975 2179 Cum
992 2106 1093 2203 igitur
1108 2105 1264 2180 Christus

157 2222 303 2295 evexerit
319 2237 524 2296 contractum
542 2222 749 2319 coniugalem
768 2221 917 2294 fidelium
935 2221 977 2294 ed
995 2219 1194 2295 sacramenti
1211 2221 1264 2293 di-

158 2337 335 2434 gnitatem‚
352 2337 416 2412 hoc
428 2338 503 2436 ipso
516 2329 746 2411 determinavit
762 2363 823 2436 pro
840 2337 914 2410 eius
928 2337 1034 2410 forma
1045 2335 1159 2424 rerba,
1176 2361 1265 2436 qnae

158 2452 345 2552 exprimere
355 2452 488 2526 valeant
500 2478 720 2539 consensum,
737 2476 968 2550 quaecumque
980 2451 1113 2523 demum
1127 2476 1167 2524 ea
1180 2450 1259 2524 sint.

231 2568 357 2640 Damus
376 2566 499 2666 pariter
515 2567 607 2641 Cano
624 2567 666 2638 in·
678 2567 894 2640 sacramentis
920 2566 1059 2664 reliquis
1078 2591 1144 2640 non
1162 2592 1265 2664 posse

158 2682 269 2757 verbis
295 2699 414 2770 nutus,
442 2699 500 2756 ant
524 2684 723 2781 scripturam
748 2681 889 2769 subiici,
917 2682 964 2755 ita
987 2698 1025 2755 ut
1046 2683 1115 2755 uim
1140 2681 1266 2756 formae

159 2797 326 2884 habeant;
354 2814 389 2871 at
413 2796 643 2871 contendimus
661 2797 695 2869 in
713 2798 922 2872 matrimonio
940 2824 980 2870 ex
996 2796 1122 2870 Christi
1143 2796 1266 2870 *volun*

160 2931 227 2988 tate
248 2930 318 2988 rem
343 2913 440 2987 aliter
465 2939 502 2987 se
526 2912 661 2986 habere.
678 2912 849 3012 Siquidem
874 2912 933 2986 illa
957 2913 1081 3000 omnin,
1102 2938 1162 3012 per
1178 2937 1266 3011 qune

159 3057 343 3105 consensus
368 3028 539 3102 enunciari
557 3029 747 3116 consuevit,
767 3028 878 3103 valent
895 3028 937 3102 ad
956 3043 1200 3102 sacramentum
1216 3027 1266 3099 ef-

161 3147 358 3232 ficiendam,
386 3171 462 3218 cum
487 3161 731 3217 sacramentum
756 3143 903 3241 coniugii
929 3158 1088 3242 sequatur
1112 3157 1266 3215 naturam

159 3272 362 3346 contractus,
383 3285 423 3331 ex
440 3285 508 3358 qua
532 3259 676 3355 exurgit,
697 3274 885 3333 contractus
911 3283 1011 3359 porro
1035 3273 1105 3330 tum
1129 3255 1263 3343 verbis,

163 3391 232 3447 tum
257 3373 412 3459 nutibus,
443 3388 512 3445 tum
537 3374 661 3472 scripto
686 3373 871 3446 conficitur.

234 3488 330 3576 Quod
355 3515 433 3563 vero
458 3504 553 3586 urget
570 3488 680 3560 Canus
697 3487 741 3559 de
758 3487 986 3585 theologorum
1002 3486 1146 3561 dissidio
1164 3487 1198 3558 in
1216 3511 1268 3559 as·

161 3604 327 3701 signanda
348 3604 451 3678 huius
476 3604 674 3677 sacramenti
692 3603 830 3677 materia
847 3619 880 3677 et
896 3604 1001 3678 forma
1018 3601 1144 3676 iamdiu
1157 3628 1179 3674 n
1190 3626 1268 3701 pro·

234 3856 284 3920 (et)
301 3856 365 3907 setis
377 3857 414 3906 est
424 3856 544 3919 inspicere
551 3855 771 3906 sacramentarium
780 3867 800 3906 s.
810 3855 919 3918 Gregorii
925 3856 959 3904 M.
967 3854 995 3904 ut
1006 3853 1122 3917 apparent
1134 3852 1227 3914 quanta
1236 3849 1271 3900 ia·

160 3937 297 3987 terccsserit
311 3935 451 3986 differentia
468 3937 493 3986 in
508 3936 586 3986 torma
594 3937 715 3987 extremae
724 3935 847 3987 unctionis
857 3933 888 3984 nb
898 3946 927 3984 ea
935 3945 999 3996 quae
1008 3945 1073 3983 nunc
1084 3932 1110 3982 in
1121 3943 1167 3981 usn
1178 3932 1229 3993 est,
1241 3932 1269 3979 nt

161 4017 193 4067 de
210 4016 311 4081 reliquis
328 4018 422 4068 tnceem
434 4017 604 4078 sacramentis,
617 4017 637 4066 si
648 4015 796 4079 baptismum
806 4016 832 4065 et
841 4013 1013 4064 eucharistiam
1027 4011 1150 4075 excipies,
1162 4022 1269 4073 quornm

162 4098 241 4147 torma
257 4097 331 4148 ctiam
348 4096 430 4161 quoad
450 4097 548 4148 verbus
559 4095 720 4160 christotpso
731 4094 1097 4156 determinatamt,tnreamus.
1108 4093 1202 4142 Notum
1216 4102 1269 4139 ern·

160 4180 220 4230 ditis
235 4180 272 4230 est
290 4178 415 4243 quondam
434 4179 460 4230 in
478 4177 580 4229 eeclesia
596 4177 673 4229 letina
692 4178 718 4227 in
735 4180 844 4228 extrema
860 4175 975 4226 unctione
992 4174 1095 4224 termam
1112 4170 1268 4222 indicativam

161 4259 309 4322 obttnutssc,
320 4260 405 4310 contra
415 4271 475 4308 rere
483 4258 586 4308 termam
598 4255 758 4307 absolutionis
772 4257 797 4306 tn
811 4255 963 4305 sacramento
974 4250 1135 4318 poenitentiae
1146 4243 1269 4299 toissede·

163 4339 328 4403 precatirnrn,
341 4338 409 4390 etita
419 4349 499 4402 porro.
