2872 5062
174 332 242 402 358
365 353 425 402 uu.
448 353 471 400 r.
493 352 579 402 snor.
600 353 732 402 urrani.
754 353 794 400 ns
820 352 953 402 nunu.
975 351 1082 402 arvus.

243 470 286 542 Et
303 470 387 542 haec
403 470 446 542 de
458 469 617 543 'libertate
634 470 860 543 conscientiae
877 468 977 568 paulo
999 469 1109 542 fusius
1129 475 1283 570 persequi

171 585 370 674 debuimus,
404 584 558 684 eoquod
585 584 736 658 columen
763 585 980 684 praecipuum
1003 584 1064 672 sit,
1086 584 1140 657 oui
1167 611 1284 659 omnes

171 700 254 797 legis
280 701 323 772 de
347 700 562 773 matrimonio
593 699 683 772 civili
714 699 860 773 fautores
887 697 1117 772 innitebantur
1141 698 1186 770 ad
1212 725 1285 773 eam

169 815 441 914 promovendam.

659 1011 688 1099 5.
721 1006 778 1075 ru.

528 1211 659 1260 Distinotlo
674 1210 737 1258 aivis
751 1212 776 1259 et
789 1210 924 1259 christiani.

240 1398 510 1485 Matrimonium,
540 1401 587 1473 ait
612 1413 804 1472 senatorum
829 1398 932 1483 alter,
960 1411 1090 1494 spectat
1107 1397 1152 1468 ad
1174 1397 1282 1470 homi-

168 1537 263 1600 nem,
293 1511 336 1584 ad
360 1513 486 1600 civem,
507 1513 551 1586 ad
568 1513 805 1586 christianum.
827 1512 914 1582 Hine
934 1510 1056 1609 triplex
1076 1510 1184 1583 oritur
1201 1511 1281 1584 ordo

167 1627 338 1714 idearum,
368 1655 456 1728 quae
481 1628 580 1701 oertis
605 1627 757 1710 formulis
783 1627 1019 1712 continentum
1048 1627 1083 1696 1.
1105 1625 1141 1697 iu
1166 1625 1280 1701 codice

166 1742 323 1829 rationis3
353 1745 387 1815 2.
408 1743 443 1816 in
469 1743 584 1816 codiee
609 1742 720 1839 legum
748 1741 916 1829 civilium;
947 1744 980 1812 3.
999 1741 1032 1811 in
1057 1739 1175 1814 oodioe
1201 1742 1277 1814 reli-

165 1857 289 1954 gionis.
311 1859 360 1930 En
381 1858 436 1931 his
461 1859 639 1956 principiis
665 1857 731 1930 tela
755 1856 859 1931 ordiri
886 1856 984 1928 debet
1005 1855 1048 1929 de
1073 1856 1277 1930 matrimonii

165 1971 337 2058 doctrina3
367 2000 406 2046 ao
431 1974 478 2045 ita
504 2000 622 2073 reapse
648 2000 685 2046 se
710 1989 888 2069 gesserunt
911 1970 1171 2068 D'rlguesseau‚
1200 1973 1278 2046 Por-

165 2087 263 2175 talis,
291 2115 320 2162 s.
336 2091 557 2187 depastione,
583 2116 611 2160 s.
632 2091 787 2173 Thomas,
811 2087 1021 2161 lastinianus
1041 2103 1075 2160 et
1091 2087 1274 2187 Napoleon.

237 2204 309 2275 Non
335 2203 458 2278 debent
483 2204 645 2278 conlundi
669 2206 750 2276 civis
779 2218 810 2274 ot
835 2203 1049 2276 christianus.
1073 2203 1139 2275 Lex
1169 2203 1277 2277 civilis

162 2333 328 2392 statuatur
352 2334 482 2417 oportet
508 2319 552 2392 ad
577 2318 717 2399 rationis
743 2343 915 2403 normam,
946 2315 1117 2415 politices,
1147 2342 1278 2414 germa-

164 2459 294 2532 naeque
327 2433 489 2519 moralis,
519 2460 579 2506 neo
613 2433 736 2506 iulerre
761 2431 882 2530 pedem
911 2433 1092 2529 profanum
1116 2430 1275 2513 debetin

163 2571 296 2617 sacrum
323 2546 496 2643 religionis
516 2548 703 2619 dominium
720 2549 808 2641 (28).

235 2659 327 2753 Alter
342 2687 421 2734 vero
440 2689 480 2734 ex
503 2661 691 2735 oratoribus
713 2662 854 2735 adiecit:
885 2661 1079 2758 coniugium
1105 2677 1157 2748 est
1182 2677 1274 2736 aotus

161 2777 386 2851 essentialiter
410 2762 570 2866 socialis3
598 2779 721 2851 mirum
747 2778 889 2879 proinde
914 2794 966 2853 est
995 2771 1200 2852 indubium
1226 2806 1275 2853 re-

161 2894 271 2966 vocari
299 2920 420 2992 posse,
449 2911 560 2967 utrum
581 2910 687 2968 status
714 2895 823 2968 civilis
845 2895 934 2967 eirca
951 2893 1036 2966 illud
1054 2894 1157 2993 plena
1174 2895 1274 2967 liber-

161 3026 226 3083 tate
244 3037 283 3084 ao
300 3026 462 3109 potestate
480 3011 619 3084 fruatur.
641 3010 768 3108 Religio
788 3011 999 3109 supervenit,
1021 3025 1122 3108 atque
1140 3010 1184 3083 ad
1203 3037 1272 3084 ooo·

160 3126 227 3196 lam
251 3127 362 3199 evehit
387 3142 485 3227 pacta
509 3128 604 3200 hisee
629 3126 664 3198 in
690 3128 788 3200 terris
804 3127 914 3199 inita.
944 3127 1005 3198 Est
1029 3139 1180 3222 potestas
1202 3127 1271 3221 (oi-

159 3240 257 3338 vilis)
286 3257 391 3316 otest
416 3260 562 3342 potestas
590 3242 734 3318 nobilior
758 3269 796 3315 ao
821 3242 960 3328 divina,
989 3266 1076 3341 quae
1103 3242 1256 3341 confirmo

159 3381 197 3427 ao
224 3357 391 3429 benedicit.
489 3405 491 3412 ·
1208 3389 1217 3395 ·’

120 3516 124 3526 .
189 3469 191 3473 ¹
231 3471 520 3558 Quemadmodum
542 3475 693 3548 naturale
710 3491 761 3548 est
777 3475 870 3547 nasci
897 3500 937 3546 ao
962 3474 1066 3560 mori,
1096 3491 1200 3574 atque
1216 3498 1268 3546 eo-

156 3588 261 3661 olesia
285 3588 340 3661 his
366 3589 463 3663 lactis
489 3591 638 3677 assistit,
668 3617 729 3665 nec
755 3606 866 3663 tamen
893 3591 1070 3663 immutare
1086 3616 1127 3663 ea
1145 3605 1265 3688 potest,

156 3704 207 3776 sio
233 3701 331 3777 debet
355 3703 514 3777 assistere
539 3704 666 3803 nuptiis
693 3708 780 3800 (29).

158 3919 247 3968 Trotte
256 3917 294 3968 do
305 3921 440 3980 morione,
457 3917 490 3968 do
506 3918 534 3967 la
545 3921 687 3982 puissunoe
705 3917 829 3968 rnarttale
840 3916 908 3967 etde
921 3916 1098 3980 lopuissaace
1109 3899 1264 3979 paternella.

156 4000 320 4128 Pallididim
335 4077 410 4128 habet
422 4078 513 4128 Baston
525 4079 549 4126 in
561 4091 606 4128 sna
619 4076 800 4128 concordatae
819 4076 852 4127 de
869 4077 919 4126 lois
934 4075 1027 4126 civiles
1038 4076 1064 4125 et
1076 4073 1123 4125 des
1133 4072 1183 4126 lois
1193 4072 1265 4125 seck-

155 4159 293 4220 santonos
304 4156 336 4207 clo
347 4159 451 4207 Fronce
462 4155 590 4208 wanirant
601 4155 759 4220 amonitae.
769 4156 838 4206 Paris
850 4158 917 4206 1824.
929 4167 985 4218 pag.
996 4157 1040 4205 124
1050 4165 1121 4216 seqq.

226 4238 276 4302 (28)
289 4240 384 4289 senato
395 4237 439 4289 del
449 4250 536 4302 repon.
552 4242 587 4288 17.
599 4237 708 4288 Dicemb.

224 4317 274 4382 (29)
292 4317 355 4369 lbid.
367 4331 422 4383 pag.
433 4322 487 4369 197.
