<?xml version="1.0" encoding="UTF-8"?>
<!DOCTYPE html PUBLIC "-//W3C//DTD XHTML 1.0 Transitional//EN"
    "http://www.w3.org/TR/xhtml1/DTD/xhtml1-transitional.dtd">
<html xmlns="http://www.w3.org/1999/xhtml" xml:lang="en" lang="en">
 <head>
  <title>
</title>
<meta http-equiv="Content-Type" content="text/html;charset=utf-8" />
  <meta name='ocr-system' content='tesseract 3.04.00' />
  <meta name='ocr-capabilities' content='ocr_page ocr_carea ocr_par ocr_line ocrx_word'/>
</head>
<body>
  <div class='ocr_page' id='page_1' title='image "./dematrimoniochr00perrgoog_0018.png"; bbox 0 0 2872 5062; ppageno 0'>
   <div class='ocr_carea' id='block_1_1' title="bbox 613 428 1261 486">
    <p class='ocr_par' dir='ltr' id='par_1_1' title="bbox 613 428 1261 486">
     <span class='ocr_line' id='line_1_1' title="bbox 613 428 1261 486; baseline 0.012 -8"><span class='ocrx_word' id='word_1_1' title='bbox 613 428 799 481; x_wconf 78' lang='lat' dir='ltr'><strong>rttttfflttttttt.</strong></span> <span class='ocrx_word' id='word_1_2' title='bbox 1056 452 1060 460; x_wconf 93' lang='lat'><em>·</em></span> <span class='ocrx_word' id='word_1_3' title='bbox 1203 432 1261 486; x_wconf 83' lang='lat'>¹111</span> 
     </span>
    </p>
   </div>
   <div class='ocr_carea' id='block_1_2' title="bbox 62 550 1273 4458">
    <p class='ocr_par' dir='ltr' id='par_1_2' title="bbox 149 550 1264 2032">
     <span class='ocr_line' id='line_1_2' title="bbox 149 550 1260 648; baseline 0.003 -26"><span class='ocrx_word' id='word_1_4' title='bbox 149 551 221 645; x_wconf 93' lang='lat' dir='ltr'><strong>logi</strong></span> <span class='ocrx_word' id='word_1_5' title='bbox 247 550 299 621; x_wconf 91' lang='lat' dir='ltr'><strong>illi</strong></span> <span class='ocrx_word' id='word_1_6' title='bbox 321 553 381 645; x_wconf 86' lang='lat' dir='ltr'><strong>qui</strong></span> <span class='ocrx_word' id='word_1_7' title='bbox 402 552 439 620; x_wconf 91' lang='lat' dir='ltr'><strong>in</strong></span> <span class='ocrx_word' id='word_1_8' title='bbox 456 550 546 620; x_wconf 91' lang='lat' dir='ltr'><strong>hanc</strong></span> <span class='ocrx_word' id='word_1_9' title='bbox 568 571 768 621; x_wconf 85' lang='lat' dir='ltr'><strong>concessere</strong></span> <span class='ocrx_word' id='word_1_10' title='bbox 786 550 1011 633; x_wconf 87' lang='lat' dir='ltr'><strong>sententiam,</strong></span> <span class='ocrx_word' id='word_1_11' title='bbox 1034 574 1079 623; x_wconf 94' lang='lat' dir='ltr'><strong>ne</strong></span> <span class='ocrx_word' id='word_1_12' title='bbox 1097 553 1260 648; x_wconf 84' lang='lat' dir='ltr'><strong>suspicati</strong></span> 
     </span>
     <span class='ocr_line' id='line_1_3' title="bbox 149 663 1261 762; baseline 0.001 -23"><span class='ocrx_word' id='word_1_13' title='bbox 149 667 293 762; x_wconf 92' lang='lat' dir='ltr'><strong>quidem</strong></span> <span class='ocrx_word' id='word_1_14' title='bbox 317 680 414 748; x_wconf 89' lang='lat' dir='ltr'><strong>sunt,</strong></span> <span class='ocrx_word' id='word_1_15' title='bbox 437 664 618 761; x_wconf 90' lang='lat' dir='ltr'><strong>quomodo</strong></span> <span class='ocrx_word' id='word_1_16' title='bbox 638 665 695 736; x_wconf 89' lang='lat' dir='ltr'><strong>alii</strong></span> <span class='ocrx_word' id='word_1_17' title='bbox 713 667 872 760; x_wconf 92' lang='lat' dir='ltr'><strong>ipsorum</strong></span> <span class='ocrx_word' id='word_1_18' title='bbox 890 663 1019 759; x_wconf 89' lang='lat' dir='ltr'><strong>placito</strong></span> <span class='ocrx_word' id='word_1_19' title='bbox 1045 664 1187 740; x_wconf 80' lang='lat' dir='ltr'>abusuri</span> <span class='ocrx_word' id='word_1_20' title='bbox 1206 678 1261 740; x_wconf 87' lang='lat' dir='ltr'><strong>es·</strong></span> 
     </span>
     <span class='ocr_line' id='line_1_4' title="bbox 150 779 1262 879; baseline 0.002 -26"><span class='ocrx_word' id='word_1_21' title='bbox 150 798 238 855; x_wconf 91' lang='lat' dir='ltr'><strong>sent.</strong></span> <span class='ocrx_word' id='word_1_22' title='bbox 266 785 312 853; x_wconf 81' lang='lat' dir='ltr'><strong>At</strong></span> <span class='ocrx_word' id='word_1_23' title='bbox 330 781 398 853; x_wconf 89' lang='lat' dir='ltr'><strong>dici</strong></span> <span class='ocrx_word' id='word_1_24' title='bbox 422 784 479 852; x_wconf 85' lang='lat' dir='ltr'><strong>vix</strong></span> <span class='ocrx_word' id='word_1_25' title='bbox 501 793 616 879; x_wconf 88' lang='lat' dir='ltr'><strong>potest</strong></span> <span class='ocrx_word' id='word_1_26' title='bbox 637 792 808 874; x_wconf 88' lang='lat' dir='ltr'><strong>quantum</strong></span> <span class='ocrx_word' id='word_1_27' title='bbox 836 779 931 852; x_wconf 92' lang='lat' dir='ltr'><strong>abuti</strong></span> <span class='ocrx_word' id='word_1_28' title='bbox 951 781 1019 852; x_wconf 91' lang='lat' dir='ltr'><strong>hac</strong></span> <span class='ocrx_word' id='word_1_29' title='bbox 1039 781 1262 855; x_wconf 88' lang='lat' dir='ltr'><strong>distinctione</strong></span> 
     </span>
     <span class='ocr_line' id='line_1_5' title="bbox 151 895 1262 994; baseline 0.001 -25"><span class='ocrx_word' id='word_1_30' title='bbox 151 900 264 969; x_wconf 89' lang='lat' dir='ltr'><strong>statim</strong></span> <span class='ocrx_word' id='word_1_31' title='bbox 283 899 464 994; x_wconf 81' lang='lat' dir='ltr'><strong>coeperint</strong></span> <span class='ocrx_word' id='word_1_32' title='bbox 488 896 619 992; x_wconf 91' lang='lat' dir='ltr'><strong>politici</strong></span> <span class='ocrx_word' id='word_1_33' title='bbox 636 896 688 967; x_wconf 94' lang='lat' dir='ltr'><strong>illi</strong></span> <span class='ocrx_word' id='word_1_34' title='bbox 704 895 865 967; x_wconf 88' lang='lat' dir='ltr'><strong>homines</strong></span> <span class='ocrx_word' id='word_1_35' title='bbox 882 896 1044 973; x_wconf 86' lang='lat' dir='ltr'><strong>ecclesiae</strong></span> <span class='ocrx_word' id='word_1_36' title='bbox 1063 895 1182 970; x_wconf 88' lang='lat' dir='ltr'><strong>hostes</strong></span> <span class='ocrx_word' id='word_1_37' title='bbox 1199 899 1262 993; x_wconf 89' lang='lat' dir='ltr'><strong>qui</strong></span> 
     </span>
     <span class='ocr_line' id='line_1_6' title="bbox 152 1007 1262 1110; baseline 0 -26"><span class='ocrx_word' id='word_1_38' title='bbox 152 1013 230 1110; x_wconf 90' lang='lat' dir='ltr'><strong>plus</strong></span> <span class='ocrx_word' id='word_1_39' title='bbox 256 1014 361 1084; x_wconf 92' lang='lat' dir='ltr'><strong>nimis</strong></span> <span class='ocrx_word' id='word_1_40' title='bbox 379 1013 471 1084; x_wconf 91' lang='lat' dir='ltr'><strong>civili</strong></span> <span class='ocrx_word' id='word_1_41' title='bbox 501 1013 663 1107; x_wconf 75' lang='lat' dir='ltr'><strong>potestati</strong></span> <span class='ocrx_word' id='word_1_42' title='bbox 685 1013 757 1082; x_wconf 91' lang='lat' dir='ltr'><strong>iam</strong></span> <span class='ocrx_word' id='word_1_43' title='bbox 781 1010 918 1106; x_wconf 84' lang='lat' dir='ltr'><strong>pridem</strong></span> <span class='ocrx_word' id='word_1_44' title='bbox 940 1007 1154 1083; x_wconf 82' lang='lat' dir='ltr'><strong>tribuebant.</strong></span> <span class='ocrx_word' id='word_1_45' title='bbox 1171 1012 1262 1085; x_wconf 87' lang='lat' dir='ltr'><strong>Hinc</strong></span> 
     </span>
     <span class='ocr_line' id='line_1_7' title="bbox 149 1106 1261 1226; baseline -0.001 -25"><span class='ocrx_word' id='word_1_46' title='bbox 149 1128 280 1203; x_wconf 85' lang='lat' dir='ltr'><strong>nefaria</strong></span> <span class='ocrx_word' id='word_1_47' title='bbox 306 1129 450 1200; x_wconf 91' lang='lat' dir='ltr'><strong>demum</strong></span> <span class='ocrx_word' id='word_1_48' title='bbox 479 1127 610 1226; x_wconf 92' lang='lat' dir='ltr'><strong>prodiit</strong></span> <span class='ocrx_word' id='word_1_49' title='bbox 631 1151 703 1199; x_wconf 92' lang='lat' dir='ltr'><strong>nou</strong></span> <span class='ocrx_word' id='word_1_50' title='bbox 721 1128 843 1223; x_wconf 93' lang='lat' dir='ltr'><strong>opinio</strong></span> <span class='ocrx_word' id='word_1_51' title='bbox 862 1126 996 1211; x_wconf 83' lang='lat' dir='ltr'><strong>solum,</strong></span> <span class='ocrx_word' id='word_1_52' title='bbox 1016 1106 1261 1207; x_wconf 76' lang='lat' dir='ltr'><strong>verumetiam</strong></span> 
     </span>
     <span class='ocr_line' id='line_1_8' title="bbox 149 1226 1263 1342; baseline -0.003 -25"><span class='ocrx_word' id='word_1_53' title='bbox 149 1245 290 1342; x_wconf 91' lang='lat' dir='ltr'><strong>publice</strong></span> <span class='ocrx_word' id='word_1_54' title='bbox 310 1245 443 1341; x_wconf 89' lang='lat' dir='ltr'><strong>perlata</strong></span> <span class='ocrx_word' id='word_1_55' title='bbox 461 1242 519 1315; x_wconf 82' lang='lat' dir='ltr'><strong>lex</strong></span> <span class='ocrx_word' id='word_1_56' title='bbox 539 1265 629 1339; x_wconf 91' lang='lat' dir='ltr'><strong>quae</strong></span> <span class='ocrx_word' id='word_1_57' title='bbox 648 1242 912 1313; x_wconf 81' lang='lat' dir='ltr'><strong>matrimonium</strong></span> <span class='ocrx_word' id='word_1_58' title='bbox 932 1230 1145 1337; x_wconf 83' lang='lat' dir='ltr'><strong>legitimum,</strong></span> <span class='ocrx_word' id='word_1_59' title='bbox 1164 1226 1263 1341; x_wconf 76' lang='lat' dir='ltr'><strong>quod</strong></span> 
     </span>
     <span class='ocr_line' id='line_1_9' title="bbox 151 1358 1264 1473; baseline -0.002 -39"><span class='ocrx_word' id='word_1_60' title='bbox 151 1383 270 1434; x_wconf 88' lang='lat' dir='ltr'><strong>coram</strong></span> <span class='ocrx_word' id='word_1_61' title='bbox 282 1360 374 1432; x_wconf 90' lang='lat' dir='ltr'><strong>civili</strong></span> <span class='ocrx_word' id='word_1_62' title='bbox 387 1374 521 1431; x_wconf 91' lang='lat' dir='ltr'><strong>tantum</strong></span> <span class='ocrx_word' id='word_1_63' title='bbox 532 1361 734 1455; x_wconf 89' lang='lat' dir='ltr'><strong>magistratu</strong></span> <span class='ocrx_word' id='word_1_64' title='bbox 749 1361 919 1431; x_wconf 89' lang='lat' dir='ltr'><strong>sociatum</strong></span> <span class='ocrx_word' id='word_1_65' title='bbox 932 1358 1050 1442; x_wconf 90' lang='lat' dir='ltr'><strong>luerit,</strong></span> <span class='ocrx_word' id='word_1_66' title='bbox 1060 1359 1264 1473; x_wconf 83' lang='lat' dir='ltr'><strong>habendum</strong></span> 
     </span>
     <span class='ocr_line' id='line_1_10' title="bbox 150 1450 1263 1575; baseline 0 -27"><span class='ocrx_word' id='word_1_67' title='bbox 150 1501 223 1548; x_wconf 92' lang='lat' dir='ltr'><strong>esse</strong></span> <span class='ocrx_word' id='word_1_68' title='bbox 235 1477 357 1548; x_wconf 86' lang='lat' dir='ltr'><strong>sancit</strong></span> <span class='ocrx_word' id='word_1_69' title='bbox 373 1500 391 1547; x_wconf 90' lang='lat' dir='ltr'><strong>a</strong></span> <span class='ocrx_word' id='word_1_70' title='bbox 405 1475 571 1572; x_wconf 90' lang='lat' dir='ltr'><strong>quadum</strong></span> <span class='ocrx_word' id='word_1_71' title='bbox 587 1473 658 1546; x_wconf 93' lang='lat' dir='ltr'><strong>ob</strong></span> <span class='ocrx_word' id='word_1_72' title='bbox 649 1477 812 1547; x_wconf 78' lang='lat' dir='ltr'><strong>immania</strong></span> <span class='ocrx_word' id='word_1_73' title='bbox 826 1474 908 1547; x_wconf 92' lang='lat' dir='ltr'><strong>inde</strong></span> <span class='ocrx_word' id='word_1_74' title='bbox 920 1489 1040 1546; x_wconf 83' lang='lat' dir='ltr'><strong>exorta</strong></span> <span class='ocrx_word' id='word_1_75' title='bbox 1055 1450 1208 1571; x_wconf 86' lang='lat' dir='ltr'><strong>llagitia&#39;</strong></span> <span class='ocrx_word' id='word_1_76' title='bbox 1197 1479 1263 1575; x_wconf 88' lang='lat' dir='ltr'><strong>rpsi</strong></span> 
     </span>
     <span class='ocr_line' id='line_1_11' title="bbox 151 1576 1263 1695; baseline 0.001 -33"><span class='ocrx_word' id='word_1_77' title='bbox 151 1594 218 1663; x_wconf 91' lang='lat' dir='ltr'><strong>iam</strong></span> <span class='ocrx_word' id='word_1_78' title='bbox 246 1614 340 1662; x_wconf 90' lang='lat' dir='ltr'><strong>nunc</strong></span> <span class='ocrx_word' id='word_1_79' title='bbox 364 1586 529 1662; x_wconf 77' lang='lat' dir='ltr'><strong>haeretici</strong></span> <span class='ocrx_word' id='word_1_80' title='bbox 558 1588 768 1672; x_wconf 87' lang='lat' dir='ltr'><strong>abhorrent,</strong></span> <span class='ocrx_word' id='word_1_81' title='bbox 787 1593 847 1685; x_wconf 92' lang='lat' dir='ltr'><strong>qui</strong></span> <span class='ocrx_word' id='word_1_82' title='bbox 868 1590 1022 1693; x_wconf 87' lang='lat' dir='ltr'><strong>primum</strong></span> <span class='ocrx_word' id='word_1_83' title='bbox 1047 1598 1124 1662; x_wconf 87' lang='lat' dir='ltr'><strong>earn</strong></span> <span class='ocrx_word' id='word_1_84' title='bbox 1148 1576 1263 1695; x_wconf 73' lang='lat' dir='ltr'><strong>legem</strong></span> 
     </span>
     <span class='ocr_line' id='line_1_12' title="bbox 150 1694 1263 1817; baseline -0.001 -38"><span class='ocrx_word' id='word_1_85' title='bbox 150 1718 391 1803; x_wconf 88' lang='lat' dir='ltr'><strong>susceperant,</strong></span> <span class='ocrx_word' id='word_1_86' title='bbox 415 1706 544 1777; x_wconf 90' lang='lat' dir='ltr'><strong>mirum</strong></span> <span class='ocrx_word' id='word_1_87' title='bbox 569 1704 765 1803; x_wconf 84' lang='lat' dir='ltr'><strong>prolecto</strong></span> <span class='ocrx_word' id='word_1_88' title='bbox 756 1719 808 1778; x_wconf 89' lang='lat' dir='ltr'><strong>est</strong></span> <span class='ocrx_word' id='word_1_89' title='bbox 830 1729 898 1800; x_wconf 88' lang='lat' dir='ltr'><strong>qua</strong></span> <span class='ocrx_word' id='word_1_90' title='bbox 926 1694 1041 1779; x_wconf 87' lang='lat' dir='ltr'><strong>fronte</strong></span> <span class='ocrx_word' id='word_1_91' title='bbox 1063 1719 1097 1776; x_wconf 91' lang='lat' dir='ltr'><strong>et</strong></span> <span class='ocrx_word' id='word_1_92' title='bbox 1120 1702 1263 1817; x_wconf 78' lang='lat' dir='ltr'><strong>auda&#39;c&#39;ra</strong></span> 
     </span>
     <span class='ocr_line' id='line_1_13' title="bbox 151 1794 1263 1919; baseline 0 -25"><span class='ocrx_word' id='word_1_93' title='bbox 151 1845 227 1894; x_wconf 90' lang='lat' dir='ltr'><strong>eam</strong></span> <span class='ocrx_word' id='word_1_94' title='bbox 248 1823 386 1893; x_wconf 92' lang='lat' dir='ltr'><strong>nostris</strong></span> <span class='ocrx_word' id='word_1_95' title='bbox 415 1820 510 1893; x_wconf 92' lang='lat' dir='ltr'><strong>hisce</strong></span> <span class='ocrx_word' id='word_1_96' title='bbox 544 1820 762 1919; x_wconf 88' lang='lat' dir='ltr'><strong>temporibus</strong></span> <span class='ocrx_word' id='word_1_97' title='bbox 796 1821 963 1893; x_wconf 90' lang='lat' dir='ltr'><strong>adversus</strong></span> <span class='ocrx_word' id='word_1_98' title='bbox 996 1820 1161 1917; x_wconf 87' lang='lat' dir='ltr'><strong>ecclesiae</strong></span> <span class='ocrx_word' id='word_1_99' title='bbox 1184 1794 1263 1895; x_wconf 86' lang='lat' dir='ltr'><strong>lela</strong></span> 
     </span>
     <span class='ocr_line' id='line_1_14' title="bbox 151 1935 1235 2032; baseline 0 -25"><span class='ocrx_word' id='word_1_100' title='bbox 151 1938 347 2009; x_wconf 86' lang='lat' dir='ltr'><strong>christianis</strong></span> <span class='ocrx_word' id='word_1_101' title='bbox 369 1935 588 2032; x_wconf 81' lang='lat' dir='ltr'><strong>principibus</strong></span> <span class='ocrx_word' id='word_1_102' title='bbox 611 1936 822 2032; x_wconf 90' lang='lat' dir='ltr'><strong>persuadere</strong></span> <span class='ocrx_word' id='word_1_103' title='bbox 844 1960 916 2007; x_wconf 91' lang='lat' dir='ltr'><strong>non</strong></span> <span class='ocrx_word' id='word_1_104' title='bbox 938 1942 1138 2008; x_wconf 84' lang='lat' dir='ltr'><strong>vereantur.</strong></span> <span class='ocrx_word' id='word_1_105' title='bbox 1175 1938 1235 2013; x_wconf 86' lang='grc'><strong>,’</strong></span> 
     </span>
    </p>

    <p class='ocr_par' dir='ltr' id='par_1_3' title="bbox 62 2051 1268 3175">
     <span class='ocr_line' id='line_1_15' title="bbox 173 2051 1264 2149; baseline -0.002 -25"><span class='ocrx_word' id='word_1_106' title='bbox 173 2058 176 2063; x_wconf 83' lang='grc'><strong>’</strong></span> <span class='ocrx_word' id='word_1_107' title='bbox 223 2052 297 2124; x_wconf 90' lang='lat' dir='ltr'><strong>lllis</strong></span> <span class='ocrx_word' id='word_1_108' title='bbox 317 2051 412 2124; x_wconf 91' lang='lat' dir='ltr'><strong>ultro</strong></span> <span class='ocrx_word' id='word_1_109' title='bbox 432 2077 469 2124; x_wconf 88' lang='lat' dir='ltr'><strong>se</strong></span> <span class='ocrx_word' id='word_1_110' title='bbox 488 2054 632 2124; x_wconf 84' lang='lat' dir='ltr'><strong>comites</strong></span> <span class='ocrx_word' id='word_1_111' title='bbox 657 2051 828 2149; x_wconf 88' lang='lat' dir='ltr'><strong>praebent</strong></span> <span class='ocrx_word' id='word_1_112' title='bbox 850 2064 954 2147; x_wconf 89' lang='lat' dir='ltr'><strong>atque</strong></span> <span class='ocrx_word' id='word_1_113' title='bbox 977 2052 1173 2135; x_wconf 89' lang='lat' dir='ltr'><strong>adiutores,</strong></span> <span class='ocrx_word' id='word_1_114' title='bbox 1198 2054 1264 2149; x_wconf 59' lang='lat' dir='ltr'><strong>,dui</strong></span> 
     </span>
     <span class='ocr_line' id='line_1_16' title="bbox 62 2158 1265 2263; baseline -0.001 -25"><span class='ocrx_word' id='word_1_115' title='bbox 62 2239 65 2246; x_wconf 80' lang='grc'>,</span> <span class='ocrx_word' id='word_1_116' title='bbox 151 2189 370 2249; x_wconf 87' lang='lat' dir='ltr'><strong>mormones,</strong></span> <span class='ocrx_word' id='word_1_117' title='bbox 398 2168 459 2263; x_wconf 90' lang='lat' dir='ltr'><strong>qui</strong></span> <span class='ocrx_word' id='word_1_118' title='bbox 483 2167 734 2239; x_wconf 88' lang='lat' dir='ltr'><strong>communistae</strong></span> <span class='ocrx_word' id='word_1_119' title='bbox 759 2180 791 2238; x_wconf 87' lang='lat' dir='ltr'><strong>et</strong></span> <span class='ocrx_word' id='word_1_120' title='bbox 819 2167 1030 2248; x_wconf 86' lang='lat' dir='ltr'><strong>socialistae‚</strong></span> <span class='ocrx_word' id='word_1_121' title='bbox 1059 2169 1160 2240; x_wconf 87' lang='lat' dir='ltr'><strong>novis</strong></span> <span class='ocrx_word' id='word_1_122' title='bbox 1184 2158 1265 2243; x_wconf 91' lang='lat' dir='ltr'><strong>licet</strong></span> 
     </span>
     <span class='ocr_line' id='line_1_17' title="bbox 152 2277 1265 2379; baseline -0.001 -25"><span class='ocrx_word' id='word_1_123' title='bbox 152 2280 352 2354; x_wconf 89' lang='lat' dir='ltr'><strong>nominibus</strong></span> <span class='ocrx_word' id='word_1_124' title='bbox 378 2282 570 2379; x_wconf 87' lang='lat' dir='ltr'><strong>appellati,</strong></span> <span class='ocrx_word' id='word_1_125' title='bbox 600 2293 736 2352; x_wconf 87' lang='lat' dir='ltr'><strong>veteres</strong></span> <span class='ocrx_word' id='word_1_126' title='bbox 767 2282 917 2352; x_wconf 91' lang='lat' dir='ltr'><strong>cuiusvis</strong></span> <span class='ocrx_word' id='word_1_127' title='bbox 944 2277 1101 2352; x_wconf 90' lang='lat' dir='ltr'><strong>libidinis</strong></span> <span class='ocrx_word' id='word_1_128' title='bbox 1130 2286 1265 2377; x_wconf 73' lang='lat' dir='ltr'><strong>amato·</strong></span> 
     </span>
     <span class='ocr_line' id='line_1_18' title="bbox 151 2393 1266 2490; baseline -0.003 -19"><span class='ocrx_word' id='word_1_129' title='bbox 151 2423 225 2481; x_wconf 87' lang='lat' dir='ltr'><strong>res,</strong></span> <span class='ocrx_word' id='word_1_130' title='bbox 252 2399 464 2470; x_wconf 88' lang='lat' dir='ltr'><strong>matrimonii</strong></span> <span class='ocrx_word' id='word_1_131' title='bbox 490 2396 743 2468; x_wconf 90' lang='lat' dir='ltr'><strong>sanctissimum</strong></span> <span class='ocrx_word' id='word_1_132' title='bbox 757 2396 810 2466; x_wconf 94' lang='lat' dir='ltr'><strong>ius</strong></span> <span class='ocrx_word' id='word_1_133' title='bbox 822 2417 895 2490; x_wconf 93' lang='lat' dir='ltr'><strong>quo</strong></span> <span class='ocrx_word' id='word_1_134' title='bbox 908 2393 1081 2490; x_wconf 84' lang='lat' dir='ltr'><strong>obstringi</strong></span> <span class='ocrx_word' id='word_1_135' title='bbox 1100 2409 1172 2467; x_wconf 88' lang='lat' dir='ltr'><strong>non</strong></span> <span class='ocrx_word' id='word_1_136' title='bbox 1191 2404 1266 2468; x_wconf 80' lang='lat' dir='ltr'><strong>attt-</strong></span> 
     </span>
     <span class='ocr_line' id='line_1_19' title="bbox 150 2498 1267 2611; baseline -0.004 -24"><span class='ocrx_word' id='word_1_137' title='bbox 150 2516 244 2611; x_wconf 93' lang='lat' dir='ltr'><strong>plius</strong></span> <span class='ocrx_word' id='word_1_138' title='bbox 271 2510 653 2596; x_wconf 87' lang='lat' dir='ltr'><strong>volunt‚.detestantur</strong></span> <span class='ocrx_word' id='word_1_139' title='bbox 677 2525 782 2607; x_wconf 90' lang='lat' dir='ltr'><strong>atque</strong></span> <span class='ocrx_word' id='word_1_140' title='bbox 807 2524 1041 2583; x_wconf 82' lang='lat' dir='ltr'><strong>exsecrantur.</strong></span> <span class='ocrx_word' id='word_1_141' title='bbox 1063 2514 1186 2583; x_wconf 87' lang='lat' dir='ltr'><strong>Patent</strong></span> <span class='ocrx_word' id='word_1_142' title='bbox 1204 2498 1267 2583; x_wconf 80' lang='lat' dir='ltr'><strong>ne&#39;-</strong></span> 
     </span>
     <span class='ocr_line' id='line_1_20' title="bbox 151 2627 1264 2725; baseline -0.002 -24"><span class='ocrx_word' id='word_1_143' title='bbox 151 2630 400 2725; x_wconf 89' lang='lat' dir='ltr'><strong>quissimorum</strong></span> <span class='ocrx_word' id='word_1_144' title='bbox 436 2627 619 2700; x_wconf 89' lang='lat' dir='ltr'><strong>hominurn</strong></span> <span class='ocrx_word' id='word_1_145' title='bbox 652 2627 823 2711; x_wconf 86' lang='lat' dir='ltr'><strong>consilia;</strong></span> <span class='ocrx_word' id='word_1_146' title='bbox 856 2640 995 2723; x_wconf 89' lang='lat' dir='ltr'><strong>apertae</strong></span> <span class='ocrx_word' id='word_1_147' title='bbox 1025 2639 1106 2699; x_wconf 90' lang='lat' dir='ltr'><strong>suut</strong></span> <span class='ocrx_word' id='word_1_148' title='bbox 1135 2632 1264 2725; x_wconf 83' lang='lat' dir='ltr'><strong>voces;</strong></span> 
     </span>
     <span class='ocr_line' id='line_1_21' title="bbox 151 2744 1268 2841; baseline -0.001 -24"><span class='ocrx_word' id='word_1_149' title='bbox 151 2768 331 2818; x_wconf 88' lang='lat' dir='ltr'><strong>sermones</strong></span> <span class='ocrx_word' id='word_1_150' title='bbox 343 2744 652 2834; x_wconf 84' lang='lat' dir='ltr'><strong>circumferuntur;</strong></span> <span class='ocrx_word' id='word_1_151' title='bbox 664 2744 709 2816; x_wconf 92' lang='lat' dir='ltr'><strong>ad</strong></span> <span class='ocrx_word' id='word_1_152' title='bbox 724 2745 762 2816; x_wconf 91' lang='lat' dir='ltr'><strong>id</strong></span> <span class='ocrx_word' id='word_1_153' title='bbox 776 2768 903 2841; x_wconf 91' lang='lat' dir='ltr'><strong>nempe</strong></span> <span class='ocrx_word' id='word_1_154' title='bbox 917 2744 1106 2839; x_wconf 82' lang='lat' dir='ltr'><strong>flagitiosae</strong></span> <span class='ocrx_word' id='word_1_155' title='bbox 1120 2747 1268 2841; x_wconf 93' lang='lat' dir='ltr'><strong>turpitu-</strong></span> 
     </span>
     <span class='ocr_line' id='line_1_22' title="bbox 154 2838 1266 2956; baseline -0.001 -26"><span class='ocrx_word' id='word_1_156' title='bbox 154 2860 244 2932; x_wconf 90' lang='lat' dir='ltr'><strong>dinis</strong></span> <span class='ocrx_word' id='word_1_157' title='bbox 269 2861 442 2956; x_wconf 91' lang='lat' dir='ltr'><strong>aspirant,</strong></span> <span class='ocrx_word' id='word_1_158' title='bbox 462 2872 502 2930; x_wconf 93' lang='lat' dir='ltr'><strong>ut</strong></span> <span class='ocrx_word' id='word_1_159' title='bbox 521 2858 683 2932; x_wconf 86' lang='lat' dir='ltr'><strong>foeminis</strong></span> <span class='ocrx_word' id='word_1_160' title='bbox 700 2858 745 2931; x_wconf 90' lang='lat' dir='ltr'><strong>ad</strong></span> <span class='ocrx_word' id='word_1_161' title='bbox 763 2872 904 2932; x_wconf 87' lang='lat' dir='ltr'><strong>omnem</strong></span> <span class='ocrx_word' id='word_1_162' title='bbox 923 2856 1109 2929; x_wconf 89' lang='lat' dir='ltr'><strong>libidinem</strong></span> <span class='ocrx_word' id='word_1_163' title='bbox 1128 2859 1178 2929; x_wconf 89' lang='lat' dir='ltr'><strong>uti</strong></span> <span class='ocrx_word' id='word_1_164' title='bbox 1196 2838 1266 2953; x_wconf 85' lang='lat' dir='ltr'><strong>iam</strong></span> 
     </span>
     <span class='ocr_line' id='line_1_23' title="bbox 154 2972 1268 3070; baseline 0.001 -25"><span class='ocrx_word' id='word_1_165' title='bbox 154 2973 511 3068; x_wconf 51' lang='lat' dir='ltr'><strong>liceataflorrendum</strong></span> <span class='ocrx_word' id='word_1_166' title='bbox 525 2974 630 3070; x_wconf 89' lang='lat' dir='ltr'><strong>dictu</strong></span> <span class='ocrx_word' id='word_1_167' title='bbox 652 2974 770 3046; x_wconf 85' lang='lat' dir='ltr'><strong>nefas!</strong></span> <span class='ocrx_word' id='word_1_168' title='bbox 797 2998 869 3069; x_wconf 93' lang='lat' dir='ltr'><strong>quo</strong></span> <span class='ocrx_word' id='word_1_169' title='bbox 895 2997 969 3045; x_wconf 91' lang='lat' dir='ltr'><strong>non</strong></span> <span class='ocrx_word' id='word_1_170' title='bbox 994 2972 1184 3045; x_wconf 87' lang='lat' dir='ltr'><strong>domestica</strong></span> <span class='ocrx_word' id='word_1_171' title='bbox 1197 2978 1268 3052; x_wconf 78' lang='lat' dir='ltr'><strong>so·</strong></span> 
     </span>
     <span class='ocr_line' id='line_1_24' title="bbox 154 3088 1118 3175; baseline -0.003 -14"><span class='ocrx_word' id='word_1_172' title='bbox 154 3091 246 3175; x_wconf 80' lang='lat' dir='ltr'><strong>lum,</strong></span> <span class='ocrx_word' id='word_1_173' title='bbox 272 3088 334 3164; x_wconf 88' lang='lat' dir='ltr'><strong>sed</strong></span> <span class='ocrx_word' id='word_1_174' title='bbox 352 3093 514 3162; x_wconf 89' lang='lat' dir='ltr'><strong>universa</strong></span> <span class='ocrx_word' id='word_1_175' title='bbox 536 3091 690 3162; x_wconf 91' lang='lat' dir='ltr'><strong>humana</strong></span> <span class='ocrx_word' id='word_1_176' title='bbox 716 3092 860 3163; x_wconf 91' lang='lat' dir='ltr'><strong>societas</strong></span> <span class='ocrx_word' id='word_1_177' title='bbox 890 3101 1118 3161; x_wconf 87' lang='lat' dir='ltr'><strong>everteretur.</strong></span> 
     </span>
    </p>

    <p class='ocr_par' dir='ltr' id='par_1_4' title="bbox 123 3203 1273 4458">
     <span class='ocr_line' id='line_1_25' title="bbox 227 3203 1268 3300; baseline -0.002 -23"><span class='ocrx_word' id='word_1_178' title='bbox 227 3204 282 3277; x_wconf 82' lang='lat' dir='ltr'><strong>nd</strong></span> <span class='ocrx_word' id='word_1_179' title='bbox 305 3205 375 3279; x_wconf 92' lang='lat' dir='ltr'><strong>hoc</strong></span> <span class='ocrx_word' id='word_1_180' title='bbox 402 3207 495 3277; x_wconf 83' lang='lat' dir='ltr'><strong>exitii</strong></span> <span class='ocrx_word' id='word_1_181' title='bbox 524 3203 709 3277; x_wconf 91' lang='lat' dir='ltr'><strong>discrimen</strong></span> <span class='ocrx_word' id='word_1_182' title='bbox 733 3204 777 3277; x_wconf 92' lang='lat' dir='ltr'><strong>ab</strong></span> <span class='ocrx_word' id='word_1_183' title='bbox 799 3207 840 3276; x_wconf 89' lang='lat' dir='ltr'><strong>iis</strong></span> <span class='ocrx_word' id='word_1_184' title='bbox 862 3226 1034 3276; x_wconf 88' lang='lat' dir='ltr'><strong>novarum</strong></span> <span class='ocrx_word' id='word_1_185' title='bbox 1058 3204 1268 3300; x_wconf 89' lang='lat' dir='ltr'><strong>opinionum</strong></span> 
     </span>
     <span class='ocr_line' id='line_1_26' title="bbox 154 3319 1268 3401; baseline -0.001 -10"><span class='ocrx_word' id='word_1_186' title='bbox 154 3322 261 3392; x_wconf 91' lang='lat' dir='ltr'><strong>initiis</strong></span> <span class='ocrx_word' id='word_1_187' title='bbox 292 3322 616 3393; x_wconf 90' lang='lat' dir='ltr'><strong>scelestissimorum</strong></span> <span class='ocrx_word' id='word_1_188' title='bbox 649 3321 834 3393; x_wconf 91' lang='lat' dir='ltr'><strong>hominum</strong></span> <span class='ocrx_word' id='word_1_189' title='bbox 867 3320 1009 3392; x_wconf 93' lang='lat' dir='ltr'><strong>audacia</strong></span> <span class='ocrx_word' id='word_1_190' title='bbox 1035 3319 1186 3391; x_wconf 91' lang='lat' dir='ltr'><strong>adducta</strong></span> <span class='ocrx_word' id='word_1_191' title='bbox 1212 3341 1268 3401; x_wconf 90' lang='lat' dir='ltr'><strong>res</strong></span> 
     </span>
     <span class='ocr_line' id='line_1_27' title="bbox 123 3436 1269 3535; baseline -0.002 -26"><span class='ocrx_word' id='word_1_192' title='bbox 123 3495 125 3499; x_wconf 90' lang='lat'><strong>.</strong></span> <span class='ocrx_word' id='word_1_193' title='bbox 155 3450 226 3509; x_wconf 89' lang='lat' dir='ltr'><strong>est:</strong></span> <span class='ocrx_word' id='word_1_194' title='bbox 243 3459 346 3533; x_wconf 92' lang='lat' dir='ltr'><strong>aqua</strong></span> <span class='ocrx_word' id='word_1_195' title='bbox 367 3436 511 3535; x_wconf 88' lang='lat' dir='ltr'><strong>quidem</strong></span> <span class='ocrx_word' id='word_1_196' title='bbox 528 3450 599 3508; x_wconf 91' lang='lat' dir='ltr'><strong>tam</strong></span> <span class='ocrx_word' id='word_1_197' title='bbox 621 3436 751 3509; x_wconf 83' lang='lat' dir='ltr'><strong>nefaria</strong></span> <span class='ocrx_word' id='word_1_198' title='bbox 770 3439 959 3520; x_wconf 88' lang='lat' dir='ltr'><strong>sententia,</strong></span> <span class='ocrx_word' id='word_1_199' title='bbox 976 3438 1040 3510; x_wconf 89' lang='lat' dir='ltr'><strong>etsi</strong></span> <span class='ocrx_word' id='word_1_200' title='bbox 1055 3457 1269 3532; x_wconf 84' lang='lat' dir='ltr'><strong>magnopere</strong></span> 
     </span>
     <span class='ocr_line' id='line_1_28' title="bbox 155 3550 1270 3650; baseline -0.001 -27"><span class='ocrx_word' id='word_1_201' title='bbox 155 3550 344 3624; x_wconf 89' lang='lat' dir='ltr'><strong>abhorreat</strong></span> <span class='ocrx_word' id='word_1_202' title='bbox 368 3551 594 3650; x_wconf 91' lang='lat' dir='ltr'><strong>politicorum</strong></span> <span class='ocrx_word' id='word_1_203' title='bbox 621 3565 823 3624; x_wconf 85' lang='lat' dir='ltr'><strong>nostrorum</strong></span> <span class='ocrx_word' id='word_1_204' title='bbox 847 3551 1028 3634; x_wconf 89' lang='lat' dir='ltr'><strong>doctriua,</strong></span> <span class='ocrx_word' id='word_1_205' title='bbox 1048 3552 1109 3648; x_wconf 90' lang='lat' dir='ltr'><strong>qui</strong></span> <span class='ocrx_word' id='word_1_206' title='bbox 1128 3573 1270 3623; x_wconf 90' lang='lat' dir='ltr'><strong>omnem</strong></span> 
     </span>
     <span class='ocr_line' id='line_1_29' title="bbox 156 3664 1267 3764; baseline 0.001 -28"><span class='ocrx_word' id='word_1_207' title='bbox 156 3664 270 3740; x_wconf 91' lang='lat' dir='ltr'><strong>hacin</strong></span> <span class='ocrx_word' id='word_1_208' title='bbox 287 3690 326 3740; x_wconf 93' lang='lat' dir='ltr'><strong>re</strong></span> <span class='ocrx_word' id='word_1_209' title='bbox 343 3665 679 3739; x_wconf 88' lang='lat' dir='ltr'><strong>administrationem</strong></span> <span class='ocrx_word' id='word_1_210' title='bbox 705 3669 909 3764; x_wconf 88' lang='lat' dir='ltr'><strong>permittere</strong></span> <span class='ocrx_word' id='word_1_211' title='bbox 932 3664 1097 3761; x_wconf 85' lang='lat' dir='ltr'><strong>ecclesiae</strong></span> <span class='ocrx_word' id='word_1_212' title='bbox 1120 3666 1267 3746; x_wconf 82' lang='lat' dir='ltr'><strong>nolunt3</strong></span> 
     </span>
     <span class='ocr_line' id='line_1_30' title="bbox 157 3778 1270 3891; baseline -0.003 -39"><span class='ocrx_word' id='word_1_213' title='bbox 157 3783 185 3852; x_wconf 92' lang='lat' dir='ltr'><strong>si</strong></span> <span class='ocrx_word' id='word_1_214' title='bbox 211 3795 327 3855; x_wconf 91' lang='lat' dir='ltr'><strong>tamen</strong></span> <span class='ocrx_word' id='word_1_215' title='bbox 359 3781 524 3854; x_wconf 91' lang='lat' dir='ltr'><strong>audiendi</strong></span> <span class='ocrx_word' id='word_1_216' title='bbox 548 3795 691 3866; x_wconf 84' lang='lat' dir='ltr'><strong>essent,</strong></span> <span class='ocrx_word' id='word_1_217' title='bbox 725 3795 905 3855; x_wconf 90' lang='lat' dir='ltr'><strong>corrueret</strong></span> <span class='ocrx_word' id='word_1_218' title='bbox 936 3782 1045 3879; x_wconf 24' lang='lat' dir='ltr'><strong>plane·</strong></span> <span class='ocrx_word' id='word_1_219' title='bbox 1064 3778 1270 3891; x_wconf 30' lang='lat' dir='ltr'><strong>divinatilla</strong></span> 
     </span>
     <span class='ocr_line' id='line_1_31' title="bbox 156 3892 1271 3996; baseline -0.001 -30"><span class='ocrx_word' id='word_1_220' title='bbox 156 3898 351 3980; x_wconf 87' lang='lat' dir='ltr'><strong>institutio</strong></span> <span class='ocrx_word' id='word_1_221' title='bbox 380 3911 414 3970; x_wconf 91' lang='lat' dir='ltr'><strong>et</strong></span> <span class='ocrx_word' id='word_1_222' title='bbox 439 3921 614 3996; x_wconf 83' lang='lat' dir='ltr'><strong>magnum</strong></span> <span class='ocrx_word' id='word_1_223' title='bbox 645 3898 734 3971; x_wconf 92' lang='lat' dir='ltr'><strong>illud</strong></span> <span class='ocrx_word' id='word_1_224' title='bbox 764 3892 1055 3978; x_wconf 80' lang='lat' dir='ltr'><strong>sacromentum,</strong></span> <span class='ocrx_word' id='word_1_225' title='bbox 1084 3909 1124 3970; x_wconf 91' lang='lat' dir='ltr'><strong>ut</strong></span> <span class='ocrx_word' id='word_1_226' title='bbox 1149 3892 1271 3993; x_wconf 87' lang='lat' dir='ltr'><strong>verbis</strong></span> 
     </span>
     <span class='ocr_line' id='line_1_32' title="bbox 156 4014 1268 4110; baseline -0.002 -26"><span class='ocrx_word' id='word_1_227' title='bbox 156 4026 236 4086; x_wconf 89' lang='lat' dir='ltr'><strong>utar</strong></span> <span class='ocrx_word' id='word_1_228' title='bbox 258 4015 439 4109; x_wconf 79' lang='lat' dir='ltr'><strong>Apostoli,</strong></span> <span class='ocrx_word' id='word_1_229' title='bbox 465 4038 538 4110; x_wconf 93' lang='lat' dir='ltr'><strong>quo</strong></span> <span class='ocrx_word' id='word_1_230' title='bbox 557 4027 670 4088; x_wconf 91' lang='lat' dir='ltr'><strong>castus</strong></span> <span class='ocrx_word' id='word_1_231' title='bbox 693 4014 818 4086; x_wconf 87' lang='lat' dir='ltr'><strong>Christi</strong></span> <span class='ocrx_word' id='word_1_232' title='bbox 837 4037 920 4110; x_wconf 90' lang='lat' dir='ltr'><strong>erga</strong></span> <span class='ocrx_word' id='word_1_233' title='bbox 945 4014 1126 4086; x_wconf 87' lang='lat' dir='ltr'><strong>ecclesiam</strong></span> <span class='ocrx_word' id='word_1_234' title='bbox 1148 4033 1268 4092; x_wconf 82' lang='lat' dir='ltr'><strong>amor,</strong></span> 
     </span>
     <span class='ocr_line' id='line_1_33' title="bbox 156 4126 1271 4225; baseline -0.004 -24"><span class='ocrx_word' id='word_1_235' title='bbox 156 4153 228 4225; x_wconf 91' lang='lat' dir='ltr'><strong>quo</strong></span> <span class='ocrx_word' id='word_1_236' title='bbox 252 4128 378 4202; x_wconf 83' lang='lat' dir='ltr'><strong>Christi</strong></span> <span class='ocrx_word' id='word_1_237' title='bbox 406 4155 486 4203; x_wconf 91' lang='lat' dir='ltr'><strong>cum</strong></span> <span class='ocrx_word' id='word_1_238' title='bbox 512 4130 681 4215; x_wconf 92' lang='lat' dir='ltr'><strong>ecclesia,</strong></span> <span class='ocrx_word' id='word_1_239' title='bbox 711 4133 820 4204; x_wconf 90' lang='lat' dir='ltr'><strong>immo</strong></span> <span class='ocrx_word' id='word_1_240' title='bbox 846 4144 881 4203; x_wconf 93' lang='lat' dir='ltr'><strong>et</strong></span> <span class='ocrx_word' id='word_1_241' title='bbox 906 4132 1037 4203; x_wconf 92' lang='lat' dir='ltr'><strong>aeterni</strong></span> <span class='ocrx_word' id='word_1_242' title='bbox 1058 4126 1173 4205; x_wconf 88' lang='lat' dir='ltr'><strong>Verbi</strong></span> <span class='ocrx_word' id='word_1_243' title='bbox 1191 4148 1271 4199; x_wconf 91' lang='lat' dir='ltr'><strong>cum</strong></span> 
     </span>
     <span class='ocr_line' id='line_1_34' title="bbox 157 4242 1273 4355; baseline -0.002 -39"><span class='ocrx_word' id='word_1_244' title='bbox 157 4245 310 4319; x_wconf 85' lang='lat' dir='ltr'><strong>bumana</strong></span> <span class='ocrx_word' id='word_1_245' title='bbox 337 4259 459 4319; x_wconf 88' lang='lat' dir='ltr'><strong>natura</strong></span> <span class='ocrx_word' id='word_1_246' title='bbox 485 4248 685 4320; x_wconf 88' lang='lat' dir='ltr'><strong>coniunctio</strong></span> <span class='ocrx_word' id='word_1_247' title='bbox 711 4246 942 4344; x_wconf 88' lang='lat' dir='ltr'><strong>significatur,</strong></span> <span class='ocrx_word' id='word_1_248' title='bbox 978 4244 1188 4355; x_wconf 83' lang='lat' dir='ltr'><strong>foedissima</strong></span> <span class='ocrx_word' id='word_1_249' title='bbox 1203 4242 1273 4315; x_wconf 89' lang='lat' dir='ltr'><strong>ho·</strong></span> 
     </span>
     <span class='ocr_line' id='line_1_35' title="bbox 157 4336 1268 4458; baseline -0.002 -27"><span class='ocrx_word' id='word_1_250' title='bbox 157 4363 292 4434; x_wconf 90' lang='lat' dir='ltr'><strong>minum</strong></span> <span class='ocrx_word' id='word_1_251' title='bbox 308 4376 486 4457; x_wconf 90' lang='lat' dir='ltr'><strong>tamquam</strong></span> <span class='ocrx_word' id='word_1_252' title='bbox 499 4362 687 4436; x_wconf 91' lang='lat' dir='ltr'><strong>brutorum</strong></span> <span class='ocrx_word' id='word_1_253' title='bbox 702 4362 925 4458; x_wconf 89' lang='lat' dir='ltr'><strong>copulatione</strong></span> <span class='ocrx_word' id='word_1_254' title='bbox 937 4336 1268 4457; x_wconf 81' lang='lat' dir='ltr'><strong>repraesentaretur.</strong></span> 
     </span>
    </p>
   </div>
   <div class='ocr_carea' id='block_1_3' title="bbox 0 0 1453 5062">
    <p class='ocr_par' dir='ltr' id='par_1_5' title="bbox 0 0 1453 5062">
     <span class='ocr_line' id='line_1_36' title="bbox 0 0 1453 5062; baseline 0 0"><span class='ocrx_word' id='word_1_255' title='bbox 0 0 1453 5062; x_wconf 95' lang='lat' dir='ltr'><strong> </strong></span> 
     </span>
    </p>
   </div>
  </div>
 </body>
</html>
