2872 5062
226 340 292 410 tto
427 362 488 409 ιιι.
509 362 531 409 ι.
552 359 637 409 surr.
658 360 786 409 ιιιιιι.
805 360 845 408 ιι
862 359 993 408 renutu.
1010 358 1116 408 ιιιιιι.

224 481 335 552 iunxit
359 480 447 550 bomo
466 476 535 550 'non
559 493 702 575 separet,
731 478 773 551 ob
799 503 872 550 eam
897 476 1106 575 potissimum
1136 477 1326 564 rationem,

224 593 314 692 quod
340 608 417 664 sunt
441 607 653 664 accrementa.
683 592 860 666 Enimuero
884 590 1040 687 coniugia
1064 605 1231 679 ueterum,
1258 591 1329 683 ¹Deo

226 709 300 806 ipso
325 707 552 807 permittento,
580 731 641 804 per
665 705 815 778 libellum
840 706 972 805 repudii
993 708 1194 808 quandoque
1219 707 1330 782 solve-

224 823 355 895 bantur.
372 822 444 895 uni
461 837 572 894 autem
590 837 666 893 ante
682 820 919 921 Babylonicum
936 823 1251 921 captiuitatem-uix,
1271 840 1331 897 aut

225 965 267 1011 ne
283 939 338 1011 vix
356 937 493 1036 quidem
510 963 584 1009 eam
602 937 865 1025 concessionem,
887 964 945 1010 seu
964 938 1075 1038 potius
1088 934 1330 1036 indulgentiam

225 1052 368 1124 duritiae
390 1051 502 1124 cordis
523 1077 636 1124 eorum
657 1051 794 1124 hebraei
814 1052 848 1122 iu
872 1049 999 1149 praxim
1022 1052 1220 1125 deduxerint
1236 1054 1266 1148 (1
1275 1057 1327 1148 6);

226 1184 302 1266 post
328 1167 470 1241 reditum
497 1183 607 1240 tamen
629 1194 650 1240 a
674 1168 889 1266 captivitate,
921 1167 1121 1265 pedetentim
1145 1168 1191 1240 ita
1215 1167 1329 1240 iudaei

225 1277 392 1383 progressi
411 1283 539 1355 suntin
557 1281 810 1381 multiplicando
827 1283 989 1368 diuortio,
1011 1278 1045 1353 iu
1063 1282 1161 1380 peius
1177 1281 1329 1381 quotidie

225 1397 397 1471 ruentibus
423 1398 590 1484 moribus,
613 1414 650 1471 ut
675 1424 715 1470 ex
740 1399 859 1496 quavis
884 1397 1057 1470 levissima
1081 1422 1184 1470 causa
1207 1422 1329 1470 uxores

224 1511 443 1598 dimitterent,
464 1512 554 1609 quod
573 1528 662 1585 certo
686 1528 819 1585 constat
842 1529 910 1585 tum
937 1537 977 1583 en
1003 1512 1173 1613 proposita
1197 1536 1218 1583 a
1243 1512 1331 1610 pha-

224 1628 342 1700 risaeis
367 1627 499 1699 Christo
524 1628 735 1726 quaestione,
763 1644 834 1702 tum
852 1654 892 1700 en
910 1627 1043 1701 illorum
1067 1642 1254 1726 temporum
1280 1627 1331 1698 hi-

225 1743 328 1816 storia
348 1744 436 1838 (17).
453 1741 542 1815 Satis
558 1741 656 1815 uobis
682 1742 737 1815 hic
763 1744 806 1816 sit
831 1743 1109 1830 animadvertere,
1137 1740 1330 1841 quodlicet

225 1856 388 1928 immerito
411 1871 444 1928 et
468 1871 581 1930 contra
609 1856 693 1954 legis
718 1883 854 1930 sensum
878 1872 912 1929 et
936 1857 1092 1956 spiritum
1117 1852 1254 1953 agerent
1277 1857 1329 1928 iu-

224 1967 312 2043 dnioi
338 1971 506 2058 doctores,
530 1971 610 2044 dum
634 1965 767 2046 divortii
789 1982 924 2046 causas'
940 1967 1024 2044 adeo
1047 1968 1324 2069 multiplicarent,

224 2079 446 2160 nihilominus
471 2101 597 2161 certum
613 2103 697 2176 est,
726 2082 863 2188 Moysen
888 2089 927 2159 ob
952 2088 1109 2160 ductione
1133 2087 1265 2171 cordis,
1293 2103 1330 2160 ut

224 2196 379 2302 loquitur
396 2202 550 2275 Christus
577 2202 691 2275 llatth.
711 2195 797 2274 lllll
814 2204 1001 2300 permisisse
1015 2201 1144 2274 iudaeis
1162 2201 1330 2274 dimittere

223 2341 344 2390 uxores
369 2343 464 2405 suas,
492 2317 702 2416 etquidem,
730 2312 768 2390 ut
792 2317 913 2414 legitur
937 2317 1166 2389 DeutlleV
1188 2309 1331 2431 propter

222 2432 370 2528 clipeum
393 2433 426 2530 fo
409 2432 593 2517 ocditotcm;
613 2431 692 2504 hinc
701 2424 773 2504 sub
789 2431 862 2529 lege
879 2432 1026 2505 mosaica
1051 2425 1244 2546 coniugium
1263 2452 1329 2551 nen

223 2561 294 2619 crat
318 2546 454 2619 omniuo
479 2540 724 2619 indissolubile
1234 2567 1238 2575 '
1311 2569 1313 2572 ·

295 2659 360 2732 Sed
392 2685 500 2758 neque
531 2660 596 2733 hac
627 2661 780 2758 fruuntur
810 2661 1006 2735 omnimoda
1034 2658 1329 2733 indissolubilitute

223 2771 389 2846 connubia
407 2773 441 2844 in
460 2772 654 2848 infidelitate
679 2791 865 2864 contracta,
892 2775 1039 2875 alioquin
1058 2773 1150 2847 nullo
1167 2800 1328 2872 umquam

224 2886 257 2957 in
281 2911 363 2958 casu
388 2884 535 2983 legitime
556 2905 693 2986 possent
712 2888 864 2963 dissolvi.
885 2890 927 2962 At
945 2888 1130 2960 infidelium
1156 2887 1328 2960 matrimo-

224 3000 280 3072 nia
304 3000 444 3074 dissolvi
470 3002 671 3102 quandoque
695 3029 796 3102 posse
820 3021 945 3078 certum
979 3003 1104 3103 pariter
1133 3017 1208 3088 est,
1237 3001 1325 3101 quod

224 3116 258 3188 in
274 3115 463 3216 insequenti
487 3117 573 3192 libro
592 3117 848 3193 declarabimus.
866 3120 984 3193 -llestat
999 3119 1102 3215 igitur
1116 3131 1155 3191 ut
1169 3116 1327 3191 christia-

224 3257 340 3304 norum
361 3232 552 3329 coniugium
569 3233 637 3305 iam
653 3243 921 3308 consummatum
935 3258 1073 3332 prorsus
1091 3229 1327 3303 indissolubile

223 3343 353 3416 dicatur
369 3359 402 3417 et
419 3345 464 3417 sit
480 3345 523 3421 ob
539 3346 647 3422 solam
670 3346 830 3420 rationem
854 3349 1058 3418 sacrementi.
1081 3344 1212 3432 Quibus
1230 3362 1327 3444 prae·

221 3457 350 3544 missis,
363 3484 518 3558 pronum
534 3477 587 3536 est
603 3461 766 3559 colligere
782 3461 982 3535 enunciatae
1004 3460 1110 3535 thesis
1134 3460 1322 3543 ueritatem,

221 3571 351 3647 seilicet
372 3572 478 3647 ciuile
490 3575 687 3674 coniugium
712 3575 885 3652 absolutae
908 3575 1081 3706 obristiani
1106 3573 1271 3708 coniugii
1248 3573 1326 3647 fin

220 3685 331 3765 mituti
355 3687 580 3761 adversari.

220 3801 457 3899 Coniugia
488 3803 627 3903 quidem
650 3831 753 3880 merc
750 3805 900 3892 civilia,
929 3806 958 3878 si
984 3805 1018 3879 iu
1042 3829 1090 3877 sa
1105 3758 1322 3902 spectentur,

219 3929 260 3994 ιιι
292 3917 406 4022 toties
415 3918 579 4052 diximus,
611 3946 721 4022 neque
744 3936 987 4054 sacramentum
1011 3933 1091 3995 suut
1111 3930 1225 4017 neque
1247 3931 1326 3997 ὀοι-

223 4182 262 4221 ι
295 4138 345 4203 (te)
360 4076 399 4190 cl.
411 4077 941 4221 Drecbltudt'corccdonslosonoooatoe.
958 4147 1034 4194 Rome
1050 4107 1119 4223 teto
1129 4140 1218 4196 Prdm.
1232 4141 1327 4205 φοιιθ

219 4227 273 4280 1³⁸8
285 4217 316 4267 '⁴⁹
329 4230 398 4283 ἰιι
891 4259 895 4267 ·

238 4298 345 4360 (tt)
364 4299 403 4348 ct
416 4292 533 4353 saeuo
543 4300 641 4368 dpeque
654 4312 710 4366 pag.
724 4308 757 4353 tt
768 4314 837 4366 seori.
