2872 5062
165 306 233 379 ut
361 326 727 380 nn.1.ucr.mrm.
748 325 1066 379 »numurus

163 444 529 548 inquibnsdecromm
553 447 771 522 tridentinum
796 447 1004 548 publicatum
1030 469 1097 519 non
1120 462 1191 532 est,
1210 471 1270 547 ra-

161 561 233 636 lida
249 578 329 636 sunt
344 562 558 636 matrimonia
574 562 804 650 clandestina,
822 563 906 662 qnia
920 587 1002 635 vera
1013 586 1055 634 ac
1067 576 1140 632 rata
1150 559 1271 634 cedern

161 677 521 765 declaravitecclesia;
536 695 573 751 at
592 677 796 778 ubicumque
819 676 904 750 illud
924 677 1095 751 dumetum
1116 675 1273 775 publica-

160 810 232 868 tum
258 809 336 880 est,
359 793 535 891 coniugia,
564 821 653 894 qnae
677 794 770 866 inxta
794 794 935 866 formam
959 819 982 864 a
1003 791 1147 865 concilio
1170 818 1272 890 prae-

160 909 322 1007 scriptam
338 908 507 983 celebrata
525 935 593 982 non
612 909 755 995 luerint,
775 908 871 981 irrita
888 925 971 982 sunt
983 924 1086 1006 atque
1103 905 1269 993 invalida,

158 1023 327 1124 quidquid
351 1024 486 1097 tandem
506 1024 560 1097 lex
583 1023 694 1097 civilis
719 1025 883 1097 statuerit.
903 1022 1152 1095 llatrimonium
1176 1021 1272 1120 quod

158 1140 268 1211 inscio
293 1165 431 1238 prorsus
455 1138 548 1212 cirili
572 1139 769 1235 magistram
788 1164 901 1212 coram
925 1137 1076 1224 duobus,
1090 1153 1149 1210 aut
1159 1136 1271 1210 tribus

159 1254 329 1341 testibus,
355 1271 391 1326 et
412 1279 524 1327 coram
549 1253 698 1352 parocho
721 1253 824 1325 etiam
846 1253 953 1325 inrito
975 1250 1183 1337 celebretur,
1208 1277 1270 1324 ra-

157 1367 266 1440 lidum
290 1384 343 1440 est
366 1393 408 1441 ac
430 1384 565 1440 ratum:
600 1365 747 1465 quodsi
772 1392 841 1439 non
872 1364 984 1438 solum
1011 1363 1270 1462 magistratibus

158 1481 315 1556 civilibus
335 1481 567 1569 adstantibus,
587 1481 650 1554 sed
666 1507 780 1554 eoram
795 1480 955 1553 universo
971 1495 1091 1552 senatu
1105 1500 1120 1565 ,·
1137 1504 1180 1550 ac
1198 1493 1271 1551 tota

158 1597 262 1670 etiam
289 1612 464 1695 spectante
491 1595 650 1681 avitae,
676 1594 816 1667 ahsente
845 1594 1017 1667 ordinario
1040 1592 1095 1666 rol
1118 1591 1270 1692 parocho

157 1727 217 1784 aut
232 1708 594 1786 sacerdoteabeodem
618 1708 798 1808 deputato,
817 1724 1035 1782 attentaretur
1057 1709 1266 1805 coniugium,

158 1824 288 1897 nullum
313 1850 355 1898 ac
377 1824 509 1897 irritum
532 1839 625 1897 esset
648 1823 802 1910 omnino,
830 1849 893 1897 nec
916 1824 1185 1910 matrimonium,
1205 1823 1268 1896 aed

158 1939 404 2014 concubinatus
428 1938 525 2012 soret.

228 2049 278 2127 Ac
300 2052 343 2126 de
367 2052 424 2125 bis
448 2052 551 2126 rebns
567 2079 631 2126 nos
648 2053 812 2127 hactenus
830 2053 988 2154 loqnntoc
1011 2053 1096 2126 sads
1120 2052 1188 2144 sit,
1214 2050 1269 2124 ul-

157 2168 262 2241 terius
291 2167 448 2266 progredi
479 2168 735 2268 potuissemus,
768 2169 869 2241 finem
897 2184 1009 2241 tamen
1036 2193 1138 2268 mem
1169 2163 1269 2240 nobis

156 2283 396 2383 proposuimus
424 2299 599 2356 assecutos
629 2309 692 2356 nos
722 2308 799 2355 esse
830 2281 1058 2368 confidimus,
1089 2281 1270 2356 ostendere

156 2396 288 2470 scilicet
307 2413 469 2495 quantum
488 2424 528 2469 ex
546 2398 637 2470 omni
659 2413 757 2496 parte
780 2395 974 2469 babendum
992 2397 1038 2470 sit
1055 2412 1090 2469 et
1106 2396 1270 2469 antichri-

155 2512 303 2586 stianum
325 2529 358 2584 et
379 2511 674 2600 anticatholicum,
696 2513 788 2612 quod
813 2513 1035 2586 communiter
1053 2511 1267 2612 appellamus

154 2625 404 2698 matrimonium
429 2626 527 2699 civile
550 2626 756 2726 ubicumque
771 2626 953 2700 concilium
973 2625 1194 2700 tridentinum
1210 2651 1268 2699 sc-

155 2737 311 2812 lemniter
337 2737 599 2836 publicationem
624 2739 754 2812 babuit.
783 2740 1025 2839 lnqnisivimus
1050 2741 1087 2811 in
1112 2739 1268 2813 eiusdem

155 2852 266 2926 civilis
291 2853 495 2926 matrimonii
520 2870 695 2937 naturam,
722 2855 813 2928 unde
843 2874 981 2942 natum,
1008 2882 1180 2956 quamque
1200 2854 1269 2928 late

154 2994 371 3066 progressum
397 2967 508 3041 fuerit.
532 2969 754 3043 Excussimus
769 2986 804 3043 et
820 2970 928 3068 legem
953 2971 989 3042 in
1013 2997 1053 3044 se
1075 2986 1111 3043 et
1130 2970 1166 3042 in
1184 2995 1268 3044 con-

154 3083 327 3170 sectariis,
353 3109 439 3183 quae
464 3084 557 3158 illam
580 3085 794 3159 comitantur.
808 3085 951 3158 Demnm
967 3085 1098 3158 nullum
1117 3084 1268 3182 neglexi-

153 3225 231 3272 mus
253 3216 542 3296 argumentorum,
569 3199 695 3298 quibus
720 3199 806 3298 logis
832 3202 980 3274 lautores
1000 3217 1035 3274 et
1059 3201 1095 3272 in
1119 3201 1268 3274 comitiis

154 3309 324 3399 electivis,
343 3313 431 3386 etin
450 3330 569 3386 senatu
584 3313 764 3414 subalpina
780 3316 873 3388 omni
893 3314 1006 3388 studio
1025 3315 1268 3388 contenderant

153 3426 387 3503 demonstrare
414 3429 680 3503 convenientiam
708 3429 792 3527 legis
817 3430 947 3529 ipsius,
975 3456 1146 3529 quumque
1169 3430 1265 3530 utilis

153 3541 238 3620 foret
263 3540 478 3641 subalpinis,
507 3543 537 3616 si
564 3546 734 3617 communi
765 3545 927 3642 suffragio
951 3545 1165 3644 probaretur.
1190 3545 1265 3630 Quo

153 3658 190 3729 in
214 3656 289 3731 loco
312 3656 461 3731 vidimus
487 3658 717 3734 cavillationes
735 3677 769 3733 et
785 3660 1000 3734 fraudulenta
1024 3660 1169 3734 artificia
1190 3663 1267 3760 qui-

152 3771 218 3845 bus
243 3773 279 3844 in
304 3773 568 3869 argumentando
593 3776 648 3848 usi
674 3791 765 3851 sunt.

224 3889 298 3962 Non
323 3888 400 3962 ideo
420 3888 620 3988 cuiusquam
642 3891 769 3964 nomini
790 3890 970 3964 detrahere
993 3890 1183 3977 voluimus,
1207 3904 1265 3964 aut

152 4004 347 4104 quempiam
370 4002 516 4078 laedere.
544 4005 634 4079 Satis
659 4006 749 4078 enim
773 4007 950 4094 novimus,
974 4005 1067 4106 quod
1095 4033 1174 4079 cum
1199 4008 1263 4080 ier-

152 4132 208 4190 ret
227 4118 430 4218 disputatio,
447 4117 670 4206 incalescunt,
687 4121 874 4218 agitantur,
895 4136 997 4220 atquc
1011 4121 1115 4194 veluti
1137 4122 1263 4220 impetu

152 4230 338 4309 efferuntur
362 4232 466 4306 animi
491 4249 525 4308 et
552 4235 724 4310 rentatem
751 4235 889 4336 saepius
914 4262 980 4309 non
1006 4236 1135 4310 vident.
1156 4236 1199 4311 At
1217 4236 1265 4312 si-
