2872 5062
246 306 315 376 33l
452 330 514 380 mn.
531 332 554 379 ι.
576 331 662 381 seor.
683 333 812 382 nerem.
829 335 869 383 nn
886 336 1016 387 usrnru.
1038 336 1145 399 crum.

242 445 365 521 uirium
390 472 430 520 ac
453 445 578 520 valoris
613 446 809 548 deperdant.
842 451 909 522 Nos
943 450 1080 551 quidem
1110 453 1208 553 plura
1232 483 1273 530 ex
1296 459 1354 532 bis

242 563 448 663 argumentis
474 565 808 663 praeoccupavimus,
829 564 897 638 alia
913 566 1016 640 etiam
1035 567 1161 643 directe
1184 597 1287 672 supra
1304 601 1353 648 re·

242 679 410 757 fellimus:
431 695 577 754 attamen
595 679 656 755 abs
672 707 707 753 re
719 706 786 754 uon
805 681 868 752 erit
883 708 950 756 nou
966 709 1075 781 pauca
1091 685 1234 775 addere,
1255 689 1354 788 plura

242 797 343 872 etiam
363 797 501 885 iterare,
526 797 722 897 praesertim
740 822 815 870 cum
834 797 900 896 ipsi
919 798 1105 873 adversarii
1122 801 1240 877 eadem
1259 806 1352 903 prin-

240 913 332 1013 cipia
366 912 552 1012 eademque
578 928 774 1008 argumenta
804 913 902 986 toties
927 916 1141 1012 regesserint.
1172 916 1350 992 Oratorum

240 1029 377 1103 uomina
402 1027 785 1126 silentiopraeterimus
809 1030 880 1122 (1),
910 1029 1002 1101 acsi
1024 1028 1107 1128 quid
1133 1057 1209 1104 acre
1234 1031 1350 1106 dicen-

239 1144 321 1219 dum
347 1143 446 1219 nobis
472 1144 554 1231 erit,
583 1143 619 1216 id
643 1169 710 1217 non
735 1157 850 1216 contra
875 1168 1051 1240 personas,
1076 1145 1135 1218 sed
1158 1162 1274 1221 contra
1298 1174 1350 1221 er-

239 1287 333 1336 mres
354 1260 445 1334 dieta
470 1286 547 1335 esse
572 1259 738 1334 volumus.

310 1375 352 1448 Ut
379 1390 491 1448 autem
524 1373 634 1448 ordini
659 1399 700 1447 ac
724 1372 867 1447 claritati
900 1374 1142 1462 inserviamus,
1171 1379 1346 1474 proposita

238 1506 435 1589 argumenta
447 1491 483 1562 in
497 1489 624 1563 classes
637 1489 749 1562 varias
764 1472 1016 1576 distribuimus,
1033 1504 1132 1588 prout
1148 1488 1257 1587 legem
1275 1519 1349 1591 pro

227 1622 390 1711 puguant
414 1604 479 1680 sub
500 1620 636 1705 aspectu
657 1603 811 1703 politico,
835 1603 947 1676 ethico
965 1629 1004 1676 ac
1022 1603 1198 1702 religioso,
1219 1632 1259 1678 ao
1277 1609 1348 1680 sin-

236 1721 334 1820 gulos
359 1718 519 1794 articulos
537 1720 573 1790 in
591 1717 823 1818 paragraphus
844 1718 943 1789 etiam
970 1717 1186 1805 dividemus,
1211 1737 1250 1819 ut
1274 1722 1345 1793 sin·

236 1837 377 1936 gillatim
402 1837 483 1912 hinc
508 1836 644 1937 quidem
672 1837 830 1925 obiectio,
852 1837 932 1910 inde
948 1864 1026 1913 vero
1044 1840 1217 1938 responsio
1239 1841 1346 1916 oculis

235 1953 418 2052 legentium
444 1953 669 2029 subiicientur
695 1957 707 2048 (
732 1957 762 2048 ).

309 2191 344 2253 (t)
359 2189 435 2241 llobis
445 2188 528 2255 potius
538 2189 704 2252 gratissimum
713 2189 750 2239 est
757 2199 881 2238 recensere
895 2187 995 2236 nomina
1004 2200 1102 2249 eorum,
1115 2188 1158 2253 qui
1172 2191 1258 2240 contra
1268 2191 1346 2257 legem

232 2272 333 2322 strenue
339 2266 490 2333 pugnarunt;
500 2269 624 2318 mnatores
641 2267 728 2330 saltem
745 2266 1007 2330 commemorabimus,
1019 2267 1063 2330 qui
1073 2268 1216 2331 eloquenter
1226 2269 1346 2322 disserue-

231 2352 305 2414 ruut;
323 2349 425 2401 morunt
433 2350 516 2400 sutem
533 2347 732 2411 archiepiscopus
744 2346 913 2407 vercellensis,
924 2347 1290 2410 numerumnunerum
1299 2351 1346 2401 riri

230 2433 314 2494 sure,
330 2427 451 2483 liebertus
470 2426 606 2490 d’lzeglio,
621 2425 741 2489 colli,Di
751 2425 910 2491 cmugueto,
926 2425 997 2478 Delta
1010 2429 1147 2491 Mamuoru,
1166 2429 1237 2481 llells
1257 2433 1346 2493 Turre,

230 2506 481 2570 Pullaricinodlossi,
492 2507 573 2568 seull,
583 2505 615 2557 ui
624 2505 770 2556 colubimo.

160 2639 166 2655 ,
303 2591 338 2653 (e)
353 2591 407 2639 nec
416 2587 469 2652 ipss
479 2586 512 2638 de
522 2599 596 2636 musa
604 2585 672 2649 quod
684 2584 755 2636 nobis
764 2586 963 2650 proposuerimus
981 2589 1124 2651 argumenta
1144 2600 1258 2651 promere
1266 2602 1298 2642 er
1309 2590 1344 2641 di·

231 2669 407 2731 missionibus,
418 2680 483 2732 quse
493 2667 573 2717 lacus
583 2666 642 2716 suut
653 2666 719 2716 circu
727 2667 805 2729 legem
815 2666 846 2718 de
856 2667 1014 2719 matrimonio
1021 2669 1090 2719 cirili
1100 2668 1126 2718 iu
1137 2670 1260 2733 comitiis,
1272 2672 1346 2735 utque

231 2752 257 2801 lu
268 2749 368 2811 senatu,
377 2747 471 2798 nullam
483 2746 603 2797 rationem
614 2745 745 2796 imbuimus
759 2758 858 2809 eorum,
871 2760 959 2810 quasa
970 2747 1096 2799 nonnullis
1106 2748 1210 2813 privatis
1220 2750 1344 2814 scriptori·

229 2831 277 2881 bus
285 2830 331 2880 luc
340 2827 555 2893 superreexarata
562 2827 628 2876 sunt.
636 2827 735 2876 Nullam
744 2827 847 2891 prolude
855 2826 1003 2878 mentionem
1012 2827 1142 2879 inlocimus
1150 2830 1345 2894 opusculorum

230 2909 333 2964 hncsub
341 2908 415 2961 titulo
423 2907 550 2971 mlgstum
558 2908 609 2958 est:
622 2905 669 2957 De'
675 2909 804 2971 princeps
812 2908 945 2960 mztouall
952 2921 967 2959 e
974 2908 1003 2961 dt
1012 2908 1105 2959 diruto
1113 2911 1230 2972 pomum
1238 2912 1343 2962 intorno

227 2989 257 3040 ol
275 2988 452 3040 mmmmnto.
471 2987 565 3050 suppio
575 2997 626 3049 per
637 2987 766 3036 θίουαηηὲ
788 2987 976 3036 stulto-Pluton
990 2986 1117 3051 deputato
1132 2987 1162 3037 al
1172 2987 1345 3050 perlustrante

224 3068 314 3120 sorde.
322 3066 429 3130 cagllari
442 3065 578 3118 resultem
588 3062 690 3113 alterius
700 3063 813 3126 opusculi
824 3064 948 3127 inscripti:
961 3064 1013 3138 bel
1022 3066 1191 3116 matrimomo
1204 3079 1276 3118 come
1286 3079 1342 3118 con·

229 3150 312 3200 acuo
325 3145 403 3199 melle
417 3145 616 3197 esorrmtmto.
626 3141 706 3195 secet
715 3142 744 3193 ct
754 3143 861 3208 Fltlppo
875 3146 998 3196 Maium.
1010 3145 1193 3198 aenovalaus.
1206 3146 1255 3204 Qui
1269 3147 1342 3198 furio·

225 3241 309 3287 sorum
323 3238 392 3277 more
405 3222 599 3286 debacchantur,
611 3221 690 3286 deque
701 3222 733 3271 iis
742 3221 866 3286 scribunt,
884 3235 948 3285 quae
962 3235 1011 3273 non
1022 3223 1125 3286 callent,
1136 3222 1279 3288 quibusque
1289 3225 1341 3277 iure

225 3304 304 3370 spurt
316 3298 419 3368 possunt
438 3313 503 3366 quae
520 3302 556 3352 uit
575 3300 707 3364 Apostolus
722 3302 742 3350 1.
756 3299 864 3350 Timoli.
874 3303 906 3363 l.,
918 3307 941 3351 6.
955 3305 978 3352 7.
991 3296 1129 3352 «conversi
1141 3302 1236 3353 suntin
1247 3303 1339 3354 vanilo-

226 3385 328 3448 quium,
339 3383 449 3432 volentes
458 3390 511 3432 aare
519 3381 581 3444 legis
590 3380 704 3431 ductores
713 3392 763 3430 nou
775 3379 936 3443 intelligentes
945 3392 1025 3443 neque
1032 3381 1252 3444 quaeloquuntur,
1264 3394 1342 3445 neque

226 3463 357 3529 dequibus
373 3461 521 3513 affirmant.»
529 3465 620 3514 Verum
631 3460 699 3524 quod
708 3461 787 3524 magis
798 3460 930 3512 ridiculum
941 3463 991 3524 est,
1002 3461 1064 3512 alter
1075 3463 1181 3513 istorum
1193 3474 1253 3513 cum
1262 3462 1296 3515 uit
1304 3475 1340 3514 sa·

225 3542 312 3596 cardos
328 3542 450 3595 declamat
459 3541 577 3592 adversus
586 3544 688 3593 castam
703 3539 869 3602 emmeclem,
880 3540 951 3604 quasi
962 3540 1045 3604 ipsum
1056 3540 1174 3605 puduerit
1187 3540 1280 3604 gradus
1292 3542 1337 3593 sul.

225 3621 293 3675 Adeo
303 3635 329 3674 se
339 3621 442 3674 ublcelll
454 3623 569 3673 ceterum
586 3620 648 3671 ullril
668 3632 729 3685 pene
743 3620 801 3670 nori
817 3619 912 3670 addunt
932 3619 978 3683 ils,
992 3633 1057 3685 quas
1073 3621 1099 3671 iu
1111 3621 1221 3672 comitiis
1229 3622 1257 3672 et
1264 3621 1291 3670 in
1304 3632 1340 3670 se·

224 3703 284 3755 natu
293 3701 368 3753 alluta
377 3702 442 3753 sunt
453 3700 521 3752 ldem
530 3699 572 3751 dle
581 3698 677 3751 doullie
688 3697 809 3750 eiusmodi
830 3698 917 3760 opellis
936 3698 1046 3750 eiusdem
1062 3698 1198 3762 ponderis,
1217 3712 1282 3762 quus
1298 3710 1339 3749 ue·

223 3780 351 3844 perimus.
