2872 5062
136 391 205 442 car.
218 387 538 464 rusurrianensis
550 385 718 438 sansacu.
731 387 862 438 anain.
876 387 1073 438 suasuros.
1121 365 1190 437 123

88 524 268 608 antequam
292 505 482 603 coniugium
508 505 622 578 ineant
645 504 884 581 conscientiam
909 531 931 577 a
955 505 1095 578 maculis
1120 503 1192 580 suis

87 622 294 718 abstergunt
310 621 406 706 Quod
420 621 450 694 si
465 646 578 694 revera
597 635 805 720 peccatorum
824 620 955 693 sarcina
972 621 1098 717 munti
1115 646 1195 695 con·

88 737 214 834 iugium
232 734 417 822 celebrant,
432 735 712 835 quemadmodum
731 761 798 808 non
816 735 913 834 pauci
924 735 1048 809 ¹eadem
1066 735 1194 809 ratione

89 850 170 925 illud
195 850 396 925 contrahunt
419 851 519 925 etiam
544 864 655 923 coram
681 850 872 936 sacerdota,
901 877 977 923 cum
1003 866 1118 949 postea
1143 877 1194 922 ro·

89 966 270 1064 sipiscunt,
287 964 386 1038 etiam
402 964 468 1039 hoo
483 965 694 1062 sacrilegium
709 964 743 1036 in
756 963 965 1038 confessione
982 991 1058 1039 cum
1075 965 1193 1038 ceteris

89 1079 232 1178 piaculis
256 1079 422 1178 aperiunt.
441 1077 582 1153 Domum
603 1079 831 1153 animadverto
856 1080 956 1152 rudes
980 1079 1133 1155 homines
1159 1095 1196 1154 ut

89 1193 268 1293 plurimum
285 1195 393 1293 magis
410 1194 499 1268 affici
515 1195 572 1281 iis,
587 1222 674 1295 quae
691 1220 813 1268 sensus
831 1194 1033 1294 percellunt,
1055 1197 1093 1268 ut
1110 1195 1194 1269 ritus

89 1309 230 1384 exterior
253 1308 454 1396 sacerdotis,
474 1336 575 1409 quam
596 1310 654 1396 iis,
676 1337 763 1409 quae
780 1309 853 1383 sola
871 1310 937 1383 lide
954 1312 1190 1407 agnoscuntur.

159 1425 275 1523 Neque
299 1425 393 1499 deest
410 1424 444 1497 in
462 1424 618 1523 coniugio
642 1424 900 1499 christianorum
925 1424 1076 1513 verhum,
1104 1427 1194 1525 quod

90 1537 216 1610 aceedit
239 1537 281 1611 ad
306 1536 523 1624 elementum,
543 1554 581 1611 ut
601 1539 660 1612 fiat
685 1555 948 1636 sacramentum,
968 1556 1066 1639 prout
1081 1539 1196 1615 docuit

90 1678 118 1724 s.
134 1650 353 1748 Augustinus.
369 1652 500 1726 Etenim
524 1652 664 1725 verbum
681 1653 745 1726 hoc
762 1669 814 1728 est
827 1680 1013 1728 consensus
1025 1657 1040 1741 ,'
1052 1653 1195 1728 elemen-

89 1781 157 1839 tum
182 1781 262 1840 sunt
285 1765 361 1866 ipsa
385 1767 647 1842 contrahentium
674 1794 835 1868 corpora,
863 1797 951 1870 quae
968 1769 1034 1844 sibi
1051 1770 1193 1844 invicem

90 1880 137 1953 illi
161 1881 315 1969 tradunt,
342 1898 456 1982 utpote
479 1884 617 1956 materia
641 1885 841 1959 sacramenti
865 1888 954 1982 (32).
978 1885 1063 1958 lluic
1083 1902 1194 1959 autem

90 1996 311 2072 coniunctioni
343 1997 509 2086 maritali,
537 2016 575 2073 ut
603 1999 770 2087 diximus,
798 2000 936 2074 insitum
960 2016 1016 2073 est
1036 2001 1191 2097 signum,

90 2111 178 2210 quod
204 2111 304 2187 refert
327 2112 592 2187 coniunctionem
617 2113 742 2188 Christi
760 2140 836 2187 cum
854 2112 996 2187 ecclesia
1013 2139 1053 2187 ex
1070 2112 1194 2187 Christi

90 2224 314 2314 institutione,
335 2227 411 2327 qui,
427 2227 509 2301 dum
525 2228 707 2301 contractui
726 2226 869 2301 naturali
891 2227 1031 2324 gratiam
1056 2226 1190 2314 adiecit,

90 2366 128 2412 ex
153 2340 294 2440 profano
318 2367 451 2416 sacrum
476 2340 605 2429 elicuit,
626 2341 716 2417 etad
742 2367 814 2415 eam
840 2339 1095 2438 significandam
1117 2366 1193 2414 eum

91 2453 266 2528 ordinavit.

160 2569 248 2642 Hinc
271 2569 371 2644 etiam
396 2586 487 2670 patet
510 2598 550 2645 ea
575 2572 691 2646 verba:
711 2573 782 2670 Epo
809 2587 837 2645 te
862 2573 984 2670 occtpr‘o
1009 2573 1052 2644 in¹
1068 2598 1189 2656 mom,

91 2683 166 2759 licet
181 2685 331 2785 undique
344 2687 509 2761 naturalia
522 2688 607 2776 sint,
623 2704 661 2761 ut
672 2688 718 2761 ait
730 2687 860 2774 Canus,
878 2688 907 2760 si
921 2714 981 2786 per
994 2714 1030 2761 se
1042 2701 1193 2786 specten-

92 2813 166 2885 tur,
193 2826 213 2872 a
237 2799 393 2875 fidelihus
424 2817 534 2875 tamen
559 2803 688 2900 prolata
712 2802 838 2903 aliquid
864 2802 1117 2901 supernaturale
1141 2801 1193 2874 in·

93 2912 194 2987 situm
209 2914 351 3005 hahere,
372 2917 524 3017 adeoque
540 2918 641 2991 verba
659 2944 756 2992 sacra
773 2944 849 2992 esse
866 2944 905 2992 ac
923 2916 1188 2991 sacramentalia.

161 3027 377 3103 Verissimum
408 3047 460 3106 est
490 3032 629 3105 sormam
661 3033 859 3106 sacramenti
883 3058 959 3106 eum
985 3030 1198 3130 spiritualem>

92 3143 243 3217 ellectum
261 3145 464 3243 significare,
480 3147 577 3221 cuius
591 3173 693 3220 causa
710 3165 952 3221 sacramentum
966 3173 1041 3220 esse
1054 3145 1189 3219 dicitur.

90 3257 130 3332 ht
145 3275 198 3334 est
213 3261 349 3334 omnino
375 3261 496 3335 lalsum
520 3261 622 3337 verba
647 3261 717 3349 illa,
745 3262 870 3361 quibus
895 3262 1091 3362 exprimitur
1114 3288 1193 3336 con-

91 3399 226 3463 sensus,
247 3375 371 3449 nullius
392 3378 529 3452 allectus
556 3376 741 3476 spiritualis
767 3379 900 3475 signum
926 3405 1020 3469 esse;
1050 3404 1127 3450 nam
1152 3404 1192 3450 er

89 3487 214 3564 Christi
239 3488 447 3566 institutione
472 3493 624 3568 ordinata
645 3493 782 3568 suntad
801 3493 1008 3592 spiritualem
1035 3494 1192 3567 unionem

160 3775 211 3837 (aa)
228 3775 332 3827 Pulchre
346 3777 371 3827 td
389 3779 489 3842 exponit
499 3780 566 3830 card.
579 3780 683 3843 Hosius,
696 3781 737 3844 qui
749 3794 764 3830 a
776 3781 899 3831 nonnullis
910 3780 980 3831 nobis
992 3793 1116 3844 perperam
1135 3792 1192 3828 con·

89 3853 180 3904 trariut
188 3854 333 3916 etinheim,
345 3855 404 3907 duur
415 3856 462 3908 ait:
476 3858 622 3922 «Siquidem
632 3860 735 3911 visibilis
749 3861 795 3911 ista
806 3861 942 3925 copulatio,
958 3874 1021 3924 quiae
1037 3861 1064 3910 tit
1077 3859 1141 3909 datis
1154 3872 1192 3908 ar·

88 3932 133 3997 ris,
145 3934 237 3985 iuuetis
250 3934 359 3998 dextris,
369 3937 485 3989 admouet
496 3939 625 3990 invisibilis
640 3941 746 4004 gratiae,
759 3955 833 4005 quant
846 3943 949 4006 largitur
960 3945 1033 3992 Deus.
1046 3944 1107 3991 Nam
1119 3939 1192 3989 simui

86 4015 112 4064 ut
120 4013 157 4064 ad
166 4013 324 4066 elementum
336 4017 438 4068 utibile
449 4022 604 4076 occmtcrtnt
614 4021 708 4084 amba,
720 4035 783 4084 quae
793 4025 923 4085 praeeunte
933 4021 1073 4084 sacerdota,
1087 4019 1192 4084 profert

87 4094 197 4158 uterquc
212 4099 325 4158 contus,
336 4096 374 4159 fit
388 4094 583 4150 sacromentum
589 4116 600 4160 ,-
610 4114 652 4163 per
662 4101 728 4166 quod
736 4103 858 4166 peculiare
868 4102 959 4152 donum
970 4102 1075 4165 Spiritus
1087 4099 1192 4150 infundi·

87 4175 142 4239 tur,
153 4189 205 4239 quo
214 4178 239 4227 ct
249 4177 368 4229 iuniores
380 4179 517 4230 redduntur
527 4179 558 4230 ad
569 4183 711 4245 perpennam
728 4184 900 4246 concordiam,
913 4187 937 4234 et
949 4182 1096 4233 robustiores
1107 4181 1138 4231 ad
1150 4194 1192 4244 pa·

88 4252 144 4303 riter
156 4253 286 4306 toleranda
303 4256 376 4308 huius
393 4259 458 4309 vitae
468 4258 638 4322 incommoda,
650 4264 675 4311 et
685 4263 852 4313 instructiores
863 4262 893 4312 ad
905 4263 1013 4314 sobolem
1025 4263 1073 4327 piis
1082 4260 1192 4312 moribus

89 4330 263 4387 musandum.»
273 4337 309 4385 ita
322 4333 346 4385 ln
359 4337 473 4401 consess.
485 4339 614 4390 coctiones
625 4354 680 4404 cap.
689 4344 803 4407 Lv.opp.
815 4343 854 4392 ed.
866 4343 953 4393 colon.
969 4347 1036 4393 tasi.
1045 4355 1101 4406 pag.
1116 4347 1168 4392 isc.
1204 4343 1206 4348 '
1260 4345 1262 4349 '
