2872 5062
175 313 242 399 dit
365 350 426 400 nn.
448 350 471 399 1.
492 349 578 400 secr.
600 351 730 399 surrex.
752 351 792 400 nr
818 352 948 403 xarmx.
971 352 1079 403 curm.

172 482 288 543 auctor
308 468 516 568 Sapientiae,
544 469 728 567 cogitantes
754 469 844 568 apud
862 496 900 543 se
918 496 984 545 non
1007 486 1112 544 recte:
1138 472 1283 545 eircum-

170 584 347 658 veniamus
372 584 518 672 iustum,
546 585 705 685 quoniam
730 585 858 658 inutilis
884 602 936 658 est
957 587 1073 674 nobis,
1097 603 1131 660 et
1152 605 1281 662 contra-

171 702 242 777 rius
271 718 324 776 est
348 701 507 802 operibus
541 702 686 790 nostris,
715 719 748 775 et
776 703 979 802 improperat
1011 704 1110 777 nobis
1143 722 1281 802 peccata

170 815 281 915 logis,
308 834 342 890 et
366 816 518 891 diffamat
542 817 578 887 in
604 843 666 889 nos
692 832 828 915 peccata
862 816 1063 917 disciplinae
1096 833 1275 891 nostrae...

175 944 389 1032 ...tamquam
414 957 561 1028 nugaces
587 931 754 1003 aestimati
780 957 897 1004 sumus
917 932 960 1004 ab
981 930 1056 1018 illo,
1079 948 1113 1005 et
1133 932 1280 1006 abstinet

117 1128 121 1138 ,
164 1068 208 1124 'se
226 1075 248 1122 a
266 1049 334 1122 viis
359 1049 484 1122 nostris
509 1063 680 1148 tamquam
705 1047 748 1120 ab
773 1047 995 1121 immunditiis
1016 1050 1130 1143 (14).»
1147 1048 1278 1122 Exinde

169 1165 334 1263 originem
360 1164 463 1240 trahit
486 1163 544 1238 illa
570 1165 746 1238 insectatio
770 1164 934 1238 bonorum
961 1191 1000 1238 ac
1024 1165 1099 1238 dira
1122 1166 1273 1252 vexatio,

90 1296 93 1303 '
168 1306 271 1383 quam
297 1281 449 1357 seditiosi
470 1281 625 1355 homines
647 1307 824 1381 rerumque
840 1302 1001 1355 nouarum
1023 1280 1138 1380 cupidi
1156 1283 1276 1382 quovis

167 1411 316 1496 tempore
341 1399 528 1471 excitarunt
553 1397 716 1471 adversus
738 1395 951 1493 religionem,
967 1422 1033 1472 non
1047 1397 1160 1470 minus
1174 1423 1276 1496 quam

168 1511 331 1586 aduersus
357 1512 527 1585 saniorem
557 1511 716 1610 politicen
734 1514 823 1606 (15).

175 1631 177 1635 ’
240 1628 279 1699 ln
300 1653 403 1701 sensu
421 1653 500 1702 vero
520 1628 684 1727 positivo,
716 1628 848 1700 libertos
874 1628 1085 1706 conscientiae
1106 1627 1277 1726 signifieat

168 1745 203 1814 1.
220 1742 520 1842 emancipationem
545 1731 771 1814 omnimodam
796 1742 839 1814 ab
866 1741 1030 1815 ecclesiae
1054 1743 1273 1828 auctoritate,

132 1910 135 1916 ·
166 1856 300 1955 legibus
320 1885 360 1931 ac
380 1857 583 1958 disciplina3
612 1858 659 1930 ita
675 1873 712 1930 ut
732 1856 858 1930 nullam
880 1883 1019 1956 prorsus
1043 1858 1210 1932 ecclesiae
1226 1885 1277 1931 ra-

168 1973 292 2048 tionem
312 1973 475 2060 habeant,
504 1973 671 2075 quidquid
698 1987 841 2059 statuat,
870 1972 1074 2071 praecipiat,
1094 1989 1129 2046 et
1145 1976 1279 2046 commi-

166 2104 276 2162 netur.
292 2089 399 2163 Veluti
413 2089 474 2161 filii
492 2080 625 2187 exleges
640 2115 680 2162 ac
693 2090 830 2162 omnino
850 2087 957 2161 feriati
971 2114 991 2160 a
1004 2088 1126 2186 quovis
1144 2089 1273 2176 fraeno,

166 2205 211 2280 ab
235 2205 399 2294 ecclesia,
424 2232 484 2280 seu
506 2206 597 2306 quod
616 2206 705 2278 idem
723 2221 793 2292 est,
811 2205 1006 2301 areligione
1022 2204 1139 2278 divina
1163 2232 1276 2279 eman·

168 2321 372 2421 oipationem
395 2322 614 2422 proclamant.
639 2323 723 2395 Nam
744 2348 820 2394 cum
846 2320 939 2394 nulla
964 2321 1032 2394 alia
1057 2321 1101 2394 sit
1126 2347 1208 2395 vera
1233 2348 1278 2394 re

166 2438 248 2535 ligio
269 2438 385 2511 diuina
406 2455 539 2536 praeter
560 2436 778 2521 catholicam,
804 2435 907 2508 huius
925 2430 1074 2510 excusso*
1089 2435 1190 2534 iugo,
1213 2438 1277 2510 iam

168 2555 284 2651 iugum
315 2555 480 2627 excutitur
513 2552 687 2651 religionis
720 2551 856 2625 divinae
887 2551 1064 2651 positivae.
1094 2551 1145 2626 Ea
1178 2579 1275 2640 vero,

163 2693 269 2767 quam
290 2668 347 2741 isti
369 2668 434 2740 sibi
455 2669 638 2765 effingunt,
663 2667 798 2764 religio,
826 2694 996 2767 quamque
1021 2669 1123 2740 etiam
1148 2671 1276 2767 magni-

164 2783 238 2857 ficis
264 2783 377 2857 verbis
403 2783 628 2883 amplificant,
644 2811 711 2858 non
726 2802 777 2860 est
789 2785 856 2857 nisi
873 2810 934 2858 ens
949 2785 1109 2872 rationis,
1127 2800 1160 2859 et
1172 2785 1277 2884 phan-

161 2915 282 2987 tasma,
295 2925 392 2999 aquo
405 2899 490 2971 nihil
500 2901 740 2999 pertimescunt
752 2918 867 2975 contra
880 2901 1105 2974 conscientiae
1117 2895 1269 2976 latratus.

142 3030 144 3035 '
234 3015 409 3113 Significat
439 3018 473 3087 2.
502 3016 801 3116 emancipationem
836 3015 1059 3115 cupiditatum
1092 3034 1127 3090 et
1160 3019 1271 3089 carnis

160 3252 306 3346 ventque
325 3247 537 3321 ethnicorum
563 3247 805 3346 impudentiam
830 3250 866 3319 in
893 3249 1114 3346 spectaculis,
1133 3251 1169 3322 in
1184 3250 1271 3323 thea-

159 3363 244 3448 tris,
264 3362 433 3450 inlibris,
454 3363 488 3434 in
507 3363 670 3462 picturis,
694 3364 729 3433 in
752 3363 972 3436 foeminarum
995 3365 1266 3448 commutatione,

159 3477 416 3564 communitate,
451 3480 486 3550 in
517 3478 696 3552 abolitione
721 3479 891 3575 coniugii,
921 3478 1091 3578 adquam
1118 3497 1155 3553 ut
1180 3481 1269 3555 viam

160 3592 225 3666 sibi
245 3608 383 3691 parent,
408 3594 576 3693 incipiunt
593 3621 614 3666 a
631 3595 807 3667 statuendo
833 3595 990 3692 coniugio
1015 3595 1129 3684 civili,
1158 3612 1197 3670 ut
1221 3598 1269 3670 sic

159 3708 315 3808 progredi
329 3709 461 3808 possint
477 3709 519 3781 ad
533 3710 692 3798 divortia,
709 3709 751 3781 ad
772 3709 997 3808 polygamiam
1010 3711 1097 3782 etad
1113 3738 1166 3800 ea,
1184 3738 1268 3811 quae

232 3924 283 3988 (tt)
298 3927 354 3988 Sep.
368 3927 400 3975 ii.
415 3933 468 3976 tut
479 3939 547 3989 seqq.

231 4004 280 4068 (15)
291 4006 396 4057 istorum
406 4006 536 4069 imaginem
548 4007 662 4070 graphice
673 4007 744 4057 nobis
754 4006 847 4056 iamdiu
858 4005 971 4057 exhibuit
979 4006 1110 4057 Sallustius
1117 4009 1155 4057 De
1165 4008 1265 4072 republ.

157 4085 244 4148 Epist..
253 4085 273 4133 1.
284 4093 339 4137 nt.
350 4084 478 4145 «Faetiosi,
490 4084 585 4147 inquit,
597 4088 697 4148 regunt,
707 4085 779 4146 dant,
790 4085 973 4149 adimuntquae
984 4085 1066 4150 inbet;
1075 4087 1216 4138 innocentes
1226 4088 1267 4138 cir·

160 4163 336 4229 conveniunt,
348 4179 407 4217 suns
416 4165 446 4216 ad
459 4165 576 4216 honorem
588 4165 722 4229 extollunt;
733 4179 782 4216 non
793 4165 901 4229 lacinus,
909 4179 957 4215 non
965 4165 1092 4230 probrum,
1099 4169 1144 4218 ant
1153 4167 1267 4232 flagitium
1309 4197 1311 4200 <

157 4245 252 4309 obstat,
266 4259 317 4309 quo
331 4247 413 4298 minus
428 4246 583 4310 magistratus
593 4246 703 4310 oapiant;
714 4247 780 4310 quod
791 4245 948 4296 commodum
961 4247 1012 4309 est,
1026 4247 1141 4310 trahunt,
1153 4247 1263 4311 rapiunt3

156 4325 297 4390 posuere,
312 4327 437 4392 tamqnam
447 4326 508 4378 orbe
521 4329 608 4391 capta,
620 4326 731 4378 lubidine
742 4340 770 4378 ac
782 4327 880 4378 licentia
889 4341 934 4378 sua
944 4327 1092 4392 prolegibus
1102 4330 1230 4381 utuntur.»
