2872 5062
227 344 294 415 328
422 365 482 413 nm.
506 364 528 412 1.
550 363 636 412 sacr.
659 362 788 410 ruram.
811 362 850 409 nr
877 360 1007 411 utraru.
1030 358 1135 410 crrrnr.

226 482 295 554 lum
321 505 461 579 prorsus
486 506 525 551 ac
556 480 684 556 irritum
712 478 818 549 luisse
843 494 875 548 et
900 503 988 549 esse.
1019 475 1185 560 Secundo,
1223 500 1336 548 sacra-

227 611 338 668 mento
355 597 463 692 gratia
483 595 662 667 coniuncta
678 610 749 678 est,
770 619 837 692 qua
856 590 961 664 adiuti
981 591 1098 664 fideles
1117 590 1232 690 plures
1257 617 1337 688 pos-

226 727 305 783 sunt
329 709 545 782 difficultates
563 735 742 807 superare,
763 734 851 806 quae
869 707 1117 780 matrimonium
1135 706 1338 778 comitantur

226 827 326 924 eique
353 841 432 898 sunt
457 825 592 910 insitae,
614 825 668 896 oui
687 825 716 896 si
735 823 976 922 obsequantur,
999 822 1106 896 levius
1124 846 1182 893 eas
1203 820 1335 906 lerunt,

227 967 287 1012 seu
314 940 479 1038 patienter
508 938 673 1022 tolerant,
703 964 763 1010 nec
789 938 864 1009 sine
894 938 1088 1009 meritorum
1114 937 1277 1018 foenore3
1307 950 1340 1008 at

227 1056 262 1126 in
288 1071 460 1154 contractu
486 1081 569 1154 pure
593 1053 701 1138 civili,
723 1054 776 1126 oui
796 1052 915 1150 religio
933 1068 984 1124 est
1002 1052 1139 1125 omnino
1163 1066 1335 1132 extranea,

228 1168 295 1240 imo
320 1195 421 1267 quem
447 1168 583 1240 damnat
609 1194 648 1240 ac
674 1169 878 1252 detestatur,
907 1193 974 1239 non
1000 1182 1053 1239 est
1079 1166 1170 1264 quod
1195 1166 1339 1262 gratiam

227 1308 451 1381 quaeramus;
480 1283 568 1382 quin
590 1284 703 1381 potius
730 1282 788 1380 qui
815 1282 865 1354 sic
891 1280 1111 1367 contrahunt,
1129 1279 1272 1358 ‚divinae
1289 1280 1340 1351 in-

227 1397 412 1494 dignationi
439 1397 679 1483 subiioinntur,
707 1399 836 1495 Deique
862 1398 947 1469 iram
974 1397 1009 1468 in
1036 1422 1073 1468 se
1100 1395 1272 1468 concitant
1296 1394 1339 1468 ob

228 1512 400 1586 habitualo
426 1529 625 1611 peccatum,
654 1514 707 1585 cui
733 1541 771 1586 se
796 1512 957 1610 obligant.
990 1514 1114 1596 Tertio,
1144 1511 1203 1609 qui
1229 1536 1341 1584 coram

228 1628 371 1701 ecclesia
393 1628 642 1700 matrimonium
668 1627 886 1714 contrahunt,
908 1627 1017 1700 edocti
1040 1641 1138 1713 sunt,
1159 1625 1251 1698 sein
1269 1651 1342 1724 per-

229 1759 367 1841 petuum
393 1743 562 1815 devincire
588 1770 627 1815 ex
653 1757 823 1840 comperta
847 1741 908 1814 Dei
940 1741 1138 1826 voluntate,
1171 1740 1231 1840 qui
1265 1766 1343 1814 oon-

230 1859 339 1932 stituit
360 1858 478 1932 loedus
503 1859 592 1932 istud
619 1885 728 1958 usque
753 1857 795 1930 ad
818 1858 1011 1931 alterutrius
1037 1857 1190 1954 coniugis
1214 1855 1343 1930 obitum

229 1971 447 2060 duraturum,
468 1974 588 2071 quavis
615 1974 873 2072 superveniente
890 1972 1107 2058 difficultate3
1129 1987 1248 2045 contra
1263 1997 1342 2044 vero

229 2088 264 2159 in
291 2089 446 2184 coningio
470 2088 570 2161 unice
595 2086 705 2174 civili,
734 2086 901 2160 eiusmodi
924 2087 1129 2186 perpetuitas
1145 2111 1187 2158 ox
1203 2085 1277 2161 solo
1293 2085 1342 2156 le-

229 2203 399 2300 gislatoris
424 2201 534 2276 civilis
559 2201 768 2302 beneplacito
784 2201 927 2300 pendet3
949 2202 1030 2300 quia
1047 2227 1169 2300 nempe
1187 2201 1341 2296 regimini

230 2319 367 2417 politico
390 2321 437 2392 ita
457 2319 608 2418 placuit,
637 2318 768 2391 etiamsi
795 2334 985 2392 contractus
1011 2317 1139 2390 nullius
1163 2316 1289 2390 valoris
1307 2316 1342 2386 in

233 2460 270 2506 se
296 2435 352 2505 sit.
374 2435 501 2506 Durum
521 2448 632 2505 autem
650 2433 860 2533 arduumque
874 2449 926 2506 est
939 2433 1040 2504 nimis
1053 2433 1088 2505 in
1102 2431 1241 2506 casibus
1259 2456 1343 2531 pene

231 2549 418 2620 innumeris
439 2549 632 2646 quempiam
658 2549 716 2620 tali
744 2549 885 2622 subesse
911 2548 1093 2623 conditioni
1116 2548 1220 2622 inrito
1238 2572 1343 2622 acre·

232 2660 377 2734 luctante
403 2663 535 2748 animo,
560 2677 597 2734 ut
617 2663 763 2762 quisque
787 2691 827 2736 ex
854 2690 892 2737 se
918 2663 1108 2762 expendere
1133 2663 1266 2763 poterit.

303 2775 413 2876 Atque
438 2776 503 2849 hoc
528 2776 612 2850 adeo
636 2803 751 2850 rerum
777 2795 846 2864 est,
871 2797 908 2852 ut
934 2778 1131 2866 acatholici,
1160 2777 1221 2879 qui
1247 2778 1346 2853 lncile

231 2891 315 2965 adeo
341 2891 521 2964 admittunt
552 2893 757 2981 divortium,
791 2895 924 2968 crimini
948 2911 1079 2968 vertant
1108 2893 1273 2967 ecclesiae
1297 2893 1345 2965 in-

234 3006 414 3080 flexibilem
440 3008 513 3080 eius
540 3005 726 3081 doctrinam
748 3009 791 3082 de
816 3010 970 3083 absoluta
994 3036 1034 3084 ac
1059 3008 1254 3083 omnimoda
1277 3032 1344 3080 ma·

234 3121 379 3195 trimonii
410 3120 729 3211 indissolubilitate,
758 3124 852 3197 nulla
879 3125 996 3198 habita
1022 3125 1148 3199 ratione
1175 3123 1344 3196 humanae

233 3237 492 3325 imbecillitatis,
514 3253 627 3337 totque
644 3237 899 3327 difficultatum,
924 3241 1048 3340 quibus
1074 3239 1242 3313 interdum
1266 3264 1346 3312 eon-

234 3352 328 3448 iuges
346 3367 518 3448 urgentur.
541 3353 885 3454 Pseudophilosophi
906 3382 944 3428 ac
962 3355 1109 3428 libertini
1127 3354 1216 3426 hanc
1234 3354 1344 3454 ipsam

232 3466 497 3551 accusationem,
523 3492 619 3539 suam
637 3468 838 3556 olfecerunt,
856 3495 895 3542 ac
917 3470 1058 3569 proinde
1075 3469 1184 3567 legem
1201 3468 1345 3543 lorream

231 3580 412 3679 appellant.
444 3583 538 3655 Nunc
570 3609 631 3656 nos
661 3609 734 3655 eam
760 3584 795 3656 in
821 3585 914 3684 ipsos
939 3586 1151 3659 adversarios
1174 3585 1346 3684 intorque-

233 3724 328 3784 mus,
354 3713 454 3796 atque
479 3697 525 3771 ita
551 3699 595 3770 ud
621 3700 779 3772 bominem
803 3726 861 3774 eos
888 3702 1162 3800 perstringimus:
1191 3701 1222 3774 si
1247 3700 1345 3776 vobis

231 3812 431 3900 latentibus,
453 3840 492 3889 ac
517 3814 796 3889 contendentibus
822 3817 939 3904 etiam,
968 3816 1131 3890 ecclesiae
1156 3815 1345 3889 catholicae

230 3927 381 3999 doctrina
399 3926 442 4000 de
460 3927 614 4002 absoluta
640 3929 787 4027 coniugii
809 3929 1106 4004 indissolubilitate
1123 3931 1209 4003 dura
1226 3957 1266 4004 ac
1285 3931 1345 4004 ler-

231 4066 288 4113 rea
311 4057 382 4129 est,
411 4043 544 4116 etiamsi
576 4043 633 4114 illa
659 4044 707 4114 nil
735 4043 826 4115 aliud
860 4044 986 4118 indicat
1016 4071 1118 4143 quam
1142 4045 1203 4117 Dei
1233 4046 1343 4144 ipsius

229 4155 448 4245 voluntatem3
471 4158 603 4231 etiamsi
623 4158 658 4229 id
676 4159 751 4258 ipsa
781 4159 898 4234 doceat
923 4160 965 4234 de
991 4160 1223 4248 matrimonio,
1250 4161 1343 4261 quod

230 4287 281 4344 est
309 4301 385 4346 vere
411 4290 443 4348 et
472 4275 605 4375 proprie
640 4291 885 4350 sacramentum
919 4303 1038 4355 novae,
1059 4277 1173 4374 legis;
1206 4277 1342 4351 etiamsi
