2872 5062
209 389 276 439 cir.
292 391 324 436 v.
336 389 380 436 nr
399 388 515 438 urnrsr.
532 385 685 436 conrard.
703 386 772 435 rar.
790 386 824 436 11.
841 386 912 435 ine.
934 386 1108 437 rnrurrrou.
1163 366 1232 436 139
1287 450 1290 455 q

137 505 294 602 theologi,
315 505 373 603 qui
391 503 593 576 contendunt
615 502 817 576 matrimonii
844 501 1086 576 sacramentum
1108 529 1129 576 a
1153 504 1235 577 solis

138 618 407 693 contrahentibus
421 619 548 717 perfici,
559 619 710 716 adeoque
721 619 857 692 eosdem
872 618 961 692 solos
974 644 1049 690 esse
1063 619 1172 716 ipsius
1184 644 1239 692 su-

138 734 295 806 crementi
308 733 479 806 ministros
493 748 685 829 argumenta
698 734 870 831 proruunt,
883 733 1008 831 quihus
1022 733 1056 803 id
1069 734 1233 805 evincant.
1286 721 1289 727 ¹

140 850 205 921 Nos
214 875 290 921 cum
299 848 384 946 ipsis
395 848 477 921 haec
486 848 984 947 singillatimafferemus,atque
993 847 1233 946 expendemus.

209 962 318 1060 Atque
334 989 354 1034 a
372 961 522 1060 patribus
547 962 754 1034 exordientes
772 962 814 1034 ad
833 989 945 1034 eorum
963 988 1154 1058 germanam
1174 961 1238 1033 hac

139 1077 173 1147 in
186 1077 411 1150 controversia
423 1093 566 1149 mentem
580 1077 825 1176 assequendam
839 1076 1131 1149 animadvertimus
1145 1075 1238 1147 haud

140 1193 216 1263 esse
238 1190 282 1262 ab
306 1191 348 1264 iis
374 1190 593 1288 expetendum
619 1191 708 1290 quod
743 1207 895 1264 asserant
927 1191 1095 1289 conceptis
1126 1190 1239 1262 verbis

140 1306 372 1378 contrahentes
389 1331 464 1379 esse
477 1306 651 1379 christiani
665 1306 810 1403 coniugii
827 1306 1052 1378 administros.
1067 1305 1238 1404 Siquidem

141 1447 249 1520 neque
272 1421 341 1508 illi,
366 1421 429 1519 qui
444 1422 642 1494 c'ontrariam
662 1438 830 1494 sectantur
847 1421 1061 1506 sententiam,
1083 1435 1240 1518 expetunt

140 1551 177 1606 ut
200 1550 310 1634 patres
328 1535 500 1608 'affirmant
530 1537 719 1609 ministrum
745 1537 890 1633 coniugii
915 1561 991 1608 esse
1016 1535 1234 1607 sacerdotem.

141 1650 270 1722 Etenim
301 1650 483 1723 absurdum
508 1652 591 1725 foret
615 1677 655 1724 ea
679 1667 808 1738 aetate,
836 1678 903 1749 qua
930 1650 1078 1722 noudum
1111 1651 1240 1723 invecta·

142 1779 237 1835 erant
255 1763 417 1837 vocabula
432 1768 605 1848 materiae,
630 1767 771 1864 sumac,
799 1767 943 1836 mr'nistri
960 1780 1238 1837 sacramentorum

140 1903 180 1950 eo
195 1903 312 1965 sensu,
330 1900 398 1976 qun¹
414 1905 502 1951 nunc
521 1881 678 1977 temporis
697 1895 917 1978 usurpantur,
934 1879 968 1950 id
981 1878 1164 1976 expectare.
1181 1880 1241 1950 Sa-

141 1992 185 2064 tis
206 1992 346 2091 proinde
364 1993 427 2066 crit
446 1994 623 2067 nonnullos
642 2020 786 2067 canones
805 2009 959 2080 statuere,
979 1993 1161 2091 exquibus
1179 1995 1242 2067 rite

141 2106 277 2180 illorum
296 2133 390 2180 mens
411 2106 475 2181 hac
499 2108 533 2179 in
560 2135 594 2180 re
618 2106 824 2207 deprehendi
849 2108 967 2206 possit.

212 2222 256 2294 Hi
281 2248 380 2322 porro
404 2223 548 2295 canones
581 2239 681 2295 sunt:
713 2225 746 2293 1.
769 2223 856 2295 Satis
881 2248 947 2294 non
972 2247 1047 2295 esse
1076 2223 1244 2296 adducere

142 2352 266 2435 patres,
286 2337 344 2436 qui
362 2338 561 2410 mentionem
586 2338 736 2410 iniiciant
761 2336 976 2410 sacerdotalis
1000 2337 1242 2411 benedictionis

141 2451 178 2523 in
200 2450 421 2525 celebratione
451 2451 599 2548 coniugii
632 2451 800 2537 fidelium;
828 2450 979 2523 atenim
1004 2450 1177 2550 quidpiam
1201 2477 1241 2524 ex

141 2565 196 2639 his
221 2565 459 2652 conficeretur,
484 2567 622 2639 necesse
645 2566 746 2652 foret,
771 2583 808 2638 ut
828 2567 895 2664 ipsi
921 2583 1091 2665 praeterea
1112 2592 1243 2639 assere-

144 2696 217 2753 rent
240 2679 368 2752 nullum
393 2707 434 2755 ac
459 2680 641 2754 invalidum
662 2707 738 2754 esse
759 2680 960 2755 connubium
985 2681 1241 2755 christianorum

145 2794 300 2869 tumsub
320 2796 448 2869 ratione
471 2796 680 2882 contractus,
703 2812 773 2870 tum
793 2794 857 2868 sub
879 2796 1006 2868 ratione
1028 2795 1239 2882 sacramenti,
1271 2878 1275 2886 ,

148 2908 363 2993 si‘eiusmodi
389 2909 575 3005 benedictio
595 2904 808 3010 quacumque
830 2910 873 2982 de
899 2912 1001 2983 causa
1019 2936 1085 2982 non
1102 2910 1243 2982 hahere-

145 3039 209 3095 tur.
226 3024 299 3097 llac'
312 3025 401 3096 euim
414 3025 449 3096 in
462 3024 656 3124 hypothesi,
673 3026 801 3098 nullum
814 3025 952 3098 dubium
970 3050 1147 3123 superesse
1165 3050 1243 3123 pos-

144 3154 211 3226 set,
232 3144 348 3237 patres
360 3139 622 3234 benedictionem
642 3140 878 3213 sacerdotalem
895 3140 1056 3213 hahuisse
1072 3155 1243 3239 tamquam

143 3256 290 3346 causam
316 3253 527 3326 essentialem
538 3255 556 3341 ',·
585 3255 850 3352 efficientemque
882 3255 1092 3327 sacramenti.
1121 3253 1244 3327 Contra

143 3391 222 3439 uero
239 3366 269 3438 si
286 3371 328 3440 ea
343 3366 505 3454 habeant,
525 3369 649 3467 quibus
668 3368 815 3440 indicent
840 3369 1023 3441 subsistere
1040 3368 1243 3442 connubium

144 3478 385 3566 christianum,
402 3481 639 3554 etiamsihacc
657 3480 846 3555 benedictio
863 3482 1021 3555 deluerit:
1038 3484 1103 3556 hoc
1115 3485 1151 3555 in
1163 3509 1244 3557 casu

146 3593 270 3691 pariter
294 3610 419 3668 certum
437 3597 521 3679 foret
540 3595 616 3669 illos
635 3622 701 3668 non
721 3612 892 3694 spectasse
915 3597 1180 3672 benedictionem
1195 3599 1244 3672 uti

146 3723 275 3807 partem
299 3710 510 3786 essentialem
536 3712 752 3797 sacramenti,
772 3737 833 3784 nec
855 3729 1029 3811 propterea
1055 3713 1244 3786 sacerdotes

146 3823 195 3895 uti
218 3823 374 3896 eiusdem
395 3825 591 3897 sacramenti
612 3824 802 3912 ministrae,
823 3827 1090 3926 quibuscumque
1110 3827 1244 3898 demum

37 3998 40 4006 .
146 3937 333 4035 praeconiis
358 3937 447 4010 illam
470 3939 732 4013 benedictionem
756 3940 954 4031 extulerint,
983 3958 1015 4015 et
1039 3938 1246 4015 commenda·

144 4051 266 4124 verint.
282 4050 503 4126 Ostendemus
529 4070 638 4127 autem
660 4082 722 4130 suo
738 4056 825 4145 looO,
853 4057 944 4129 iuxta
968 4072 1098 4155 patrum
1124 4055 1246 4128 doctri·

146 4167 244 4253 nam,
273 4193 375 4240 unam
400 4169 616 4268 eamdemque
641 4184 709 4242 ¹reru
735 4187 809 4244 esse
831 4173 865 4243 in
889 4172 1043 4268 coniugio
1063 4169 1245 4244 christiano

74 4320 77 4327 ·
145 4294 349 4355 contractum
373 4299 406 4359 et
431 4301 683 4358 sacramentum.
