<?xml version="1.0" encoding="UTF-8"?>
<!DOCTYPE html PUBLIC "-//W3C//DTD XHTML 1.0 Transitional//EN"
    "http://www.w3.org/TR/xhtml1/DTD/xhtml1-transitional.dtd">
<html xmlns="http://www.w3.org/1999/xhtml" xml:lang="en" lang="en">
 <head>
  <title>
</title>
<meta http-equiv="Content-Type" content="text/html;charset=utf-8" />
  <meta name='ocr-system' content='tesseract 3.04.00' />
  <meta name='ocr-capabilities' content='ocr_page ocr_carea ocr_par ocr_line ocrx_word'/>
</head>
<body>
  <div class='ocr_page' id='page_1' title='image "./dematrimoniochr00perrgoog_0185.png"; bbox 0 0 2872 5062; ppageno 0'>
   <div class='ocr_carea' id='block_1_1' title="bbox 159 354 1098 429">
    <p class='ocr_par' dir='ltr' id='par_1_1' title="bbox 159 354 1098 429">
     <span class='ocr_line' id='line_1_1' title="bbox 159 354 1098 429; baseline -0.001 -2"><span class='ocrx_word' id='word_1_1' title='bbox 159 354 228 428; x_wconf 81' lang='lat' dir='ltr'>ltl</span> <span class='ocrx_word' id='word_1_2' title='bbox 305 409 320 419; x_wconf 83' lang='lat'>..</span> <span class='ocrx_word' id='word_1_3' title='bbox 377 378 438 429; x_wconf 82' lang='lat' dir='ltr'>sn.</span> <span class='ocrx_word' id='word_1_4' title='bbox 462 377 484 428; x_wconf 86' lang='lat'>1.</span> <span class='ocrx_word' id='word_1_5' title='bbox 507 375 593 428; x_wconf 79' lang='lat' dir='ltr'>sacr.</span> <span class='ocrx_word' id='word_1_6' title='bbox 616 379 639 426; x_wconf 86' lang='lat'>1.</span> <span class='ocrx_word' id='word_1_7' title='bbox 661 376 702 427; x_wconf 85' lang='lat' dir='ltr'>nr</span> <span class='ocrx_word' id='word_1_8' title='bbox 728 375 860 427; x_wconf 72' lang='lat' dir='ltr'>utram.</span> <span class='ocrx_word' id='word_1_9' title='bbox 883 377 1098 429; x_wconf 74' lang='lat' dir='ltr'>srcnunrnrn.</span> 
     </span>
    </p>
   </div>
   <div class='ocr_carea' id='block_1_2' title="bbox 157 494 1297 4287">
    <p class='ocr_par' dir='ltr' id='par_1_2' title="bbox 157 494 1297 712">
     <span class='ocr_line' id='line_1_2' title="bbox 157 494 1297 596; baseline -0.001 -25"><span class='ocrx_word' id='word_1_10' title='bbox 157 524 249 594; x_wconf 88' lang='lat' dir='ltr'>mum</span> <span class='ocrx_word' id='word_1_11' title='bbox 272 499 436 571; x_wconf 84' lang='lat' dir='ltr'>erexerint</span> <span class='ocrx_word' id='word_1_12' title='bbox 455 497 500 570; x_wconf 89' lang='lat' dir='ltr'>ad</span> <span class='ocrx_word' id='word_1_13' title='bbox 518 494 639 571; x_wconf 84' lang='lat' dir='ltr'>novam</span> <span class='ocrx_word' id='word_1_14' title='bbox 655 494 748 569; x_wconf 58' lang='lat' dir='ltr'>&#39;Cani</span> <span class='ocrx_word' id='word_1_15' title='bbox 766 496 963 568; x_wconf 57' lang='lat' dir='ltr'>,doctrinam</span> <span class='ocrx_word' id='word_1_16' title='bbox 989 496 1297 596; x_wconf 64' lang='lat' dir='ltr'>oppugnandam,i</span> 
     </span>
     <span class='ocr_line' id='line_1_3' title="bbox 157 610 1167 712; baseline -0.001 -27"><span class='ocrx_word' id='word_1_17' title='bbox 157 631 254 712; x_wconf 87' lang='lat' dir='ltr'>prout</span> <span class='ocrx_word' id='word_1_18' title='bbox 281 639 414 687; x_wconf 91' lang='lat' dir='ltr'>rursum</span> <span class='ocrx_word' id='word_1_19' title='bbox 439 613 675 685; x_wconf 87' lang='lat' dir='ltr'>animadvertit</span> <span class='ocrx_word' id='word_1_20' title='bbox 700 610 791 684; x_wconf 88' lang='lat' dir='ltr'>card.</span> <span class='ocrx_word' id='word_1_21' title='bbox 808 610 1053 686; x_wconf 69' lang='lat' dir='ltr'>&#39;Pallavicinius</span> <span class='ocrx_word' id='word_1_22' title='bbox 1078 616 1167 709; x_wconf 78' lang='grc'>(50).</span> 
     </span>
    </p>

    <p class='ocr_par' dir='ltr' id='par_1_3' title="bbox 158 724 1286 1749">
     <span class='ocr_line' id='line_1_4' title="bbox 182 724 1281 828; baseline 0.001 -28"><span class='ocrx_word' id='word_1_23' title='bbox 182 784 185 790; x_wconf 87' lang='grc'>.</span> <span class='ocrx_word' id='word_1_24' title='bbox 230 727 349 802; x_wconf 88' lang='lat' dir='ltr'>Nullus</span> <span class='ocrx_word' id='word_1_25' title='bbox 374 727 517 814; x_wconf 90' lang='lat' dir='ltr'>dubito,</span> <span class='ocrx_word' id='word_1_26' title='bbox 547 726 637 826; x_wconf 89' lang='lat' dir='ltr'>quod</span> <span class='ocrx_word' id='word_1_27' title='bbox 664 727 694 798; x_wconf 92' lang='lat' dir='ltr'>si</span> <span class='ocrx_word' id='word_1_28' title='bbox 721 724 980 823; x_wconf 79' lang='lat' dir='ltr'>religiosissimo</span> <span class='ocrx_word' id='word_1_29' title='bbox 1008 725 1281 828; x_wconf 86' lang='lat' dir='ltr'>doctissimoque</span> 
     </span>
     <span class='ocr_line' id='line_1_5' title="bbox 158 840 1274 942; baseline 0.001 -25"><span class='ocrx_word' id='word_1_30' title='bbox 158 846 249 932; x_wconf 88' lang='lat' dir='ltr'>viro,</span> <span class='ocrx_word' id='word_1_31' title='bbox 278 842 468 931; x_wconf 89' lang='lat' dir='ltr'>cuiusmodi</span> <span class='ocrx_word' id='word_1_32' title='bbox 496 841 643 942; x_wconf 87' lang='lat' dir='ltr'>prolecto</span> <span class='ocrx_word' id='word_1_33' title='bbox 667 841 729 914; x_wconf 84' lang='lat' dir='ltr'>luit</span> <span class='ocrx_word' id='word_1_34' title='bbox 754 840 886 928; x_wconf 79' lang='lat' dir='ltr'>Canus,</span> <span class='ocrx_word' id='word_1_35' title='bbox 915 856 1085 940; x_wconf 89' lang='lat' dir='ltr'>comperta</span> <span class='ocrx_word' id='word_1_36' title='bbox 1110 841 1274 930; x_wconf 86' lang='lat' dir='ltr'>fuissent,</span> 
     </span>
     <span class='ocr_line' id='line_1_6' title="bbox 159 957 1275 1060; baseline 0 -27"><span class='ocrx_word' id='word_1_37' title='bbox 159 988 246 1060; x_wconf 87' lang='lat' dir='ltr'>quae</span> <span class='ocrx_word' id='word_1_38' title='bbox 263 960 329 1034; x_wconf 91' lang='lat' dir='ltr'>hac</span> <span class='ocrx_word' id='word_1_39' title='bbox 346 962 382 1033; x_wconf 89' lang='lat' dir='ltr'>in</span> <span class='ocrx_word' id='word_1_40' title='bbox 400 960 553 1034; x_wconf 83' lang='lat' dir='ltr'>sessione</span> <span class='ocrx_word' id='word_1_41' title='bbox 568 959 680 1030; x_wconf 75' lang='lat' dir='ltr'>xxtv.</span> <span class='ocrx_word' id='word_1_42' title='bbox 697 957 834 1031; x_wconf 85' lang='lat' dir='ltr'>concilii</span> <span class='ocrx_word' id='word_1_43' title='bbox 851 972 926 1030; x_wconf 89' lang='lat' dir='ltr'>acta</span> <span class='ocrx_word' id='word_1_44' title='bbox 939 975 972 1031; x_wconf 92' lang='lat' dir='ltr'>et</span> <span class='ocrx_word' id='word_1_45' title='bbox 985 960 1165 1032; x_wconf 88' lang='lat' dir='ltr'>constituta</span> <span class='ocrx_word' id='word_1_46' title='bbox 1178 975 1275 1047; x_wconf 88' lang='lat' dir='ltr'>sunt,</span> 
     </span>
     <span class='ocr_line' id='line_1_7' title="bbox 159 1072 1283 1176; baseline 0.004 -31"><span class='ocrx_word' id='word_1_47' title='bbox 159 1101 343 1176; x_wconf 83' lang='lat' dir='ltr'>numquam</span> <span class='ocrx_word' id='word_1_48' title='bbox 361 1073 418 1147; x_wconf 93' lang='lat' dir='ltr'>illo</span> <span class='ocrx_word' id='word_1_49' title='bbox 436 1075 579 1149; x_wconf 86' lang='lat' dir='ltr'>fortasse</span> <span class='ocrx_word' id='word_1_50' title='bbox 596 1074 631 1145; x_wconf 92' lang='lat' dir='ltr'>in</span> <span class='ocrx_word' id='word_1_51' title='bbox 649 1072 737 1146; x_wconf 87' lang='lat' dir='ltr'>hane</span> <span class='ocrx_word' id='word_1_52' title='bbox 759 1073 953 1146; x_wconf 81' lang='lat' dir='ltr'>devenisset</span> <span class='ocrx_word' id='word_1_53' title='bbox 978 1075 1201 1162; x_wconf 78' lang='lat' dir='ltr'>sententiam,</span> <span class='ocrx_word' id='word_1_54' title='bbox 1223 1076 1283 1149; x_wconf 83' lang='lat' dir='ltr'>ne-</span> 
     </span>
     <span class='ocr_line' id='line_1_8' title="bbox 159 1189 1280 1290; baseline -0.001 -27"><span class='ocrx_word' id='word_1_55' title='bbox 159 1217 226 1289; x_wconf 86' lang='lat' dir='ltr'>que</span> <span class='ocrx_word' id='word_1_56' title='bbox 251 1191 358 1264; x_wconf 85' lang='lat' dir='ltr'>libero</span> <span class='ocrx_word' id='word_1_57' title='bbox 382 1190 467 1263; x_wconf 87' lang='lat' dir='ltr'>adeo</span> <span class='ocrx_word' id='word_1_58' title='bbox 486 1190 583 1290; x_wconf 67' lang='lat' dir='ltr'>stylo</span> <span class='ocrx_word' id='word_1_59' title='bbox 605 1189 805 1263; x_wconf 88' lang='lat' dir='ltr'>contrariam</span> <span class='ocrx_word' id='word_1_60' title='bbox 831 1189 950 1275; x_wconf 85' lang='lat' dir='ltr'>luisset</span> <span class='ocrx_word' id='word_1_61' title='bbox 976 1214 1168 1285; x_wconf 81' lang='lat' dir='ltr'>aggressus.</span> <span class='ocrx_word' id='word_1_62' title='bbox 1187 1189 1280 1276; x_wconf 83' lang='lat' dir='ltr'>Quid</span> 
     </span>
     <span class='ocr_line' id='line_1_9' title="bbox 159 1294 1283 1406; baseline 0 -29"><span class='ocrx_word' id='word_1_63' title='bbox 159 1306 189 1377; x_wconf 87' lang='lat' dir='ltr'>si</span> <span class='ocrx_word' id='word_1_64' title='bbox 209 1306 419 1406; x_wconf 74' lang='lat' dir='ltr'>perperisset</span> <span class='ocrx_word' id='word_1_65' title='bbox 436 1331 524 1406; x_wconf 85' lang='lat' dir='ltr'>quae</span> <span class='ocrx_word' id='word_1_66' title='bbox 541 1305 734 1404; x_wconf 88' lang='lat' dir='ltr'>deincepsa</span> <span class='ocrx_word' id='word_1_67' title='bbox 751 1330 835 1376; x_wconf 90' lang='lat' dir='ltr'>rom.</span> <span class='ocrx_word' id='word_1_68' title='bbox 852 1294 1071 1402; x_wconf 82' lang='lat' dir='ltr'>pontificibus</span> <span class='ocrx_word' id='word_1_69' title='bbox 1089 1304 1156 1377; x_wconf 89' lang='lat' dir='ltr'>hac</span> <span class='ocrx_word' id='word_1_70' title='bbox 1173 1331 1283 1406; x_wconf 85' lang='lat' dir='ltr'>super</span> 
     </span>
     <span class='ocr_line' id='line_1_10' title="bbox 161 1418 1286 1522; baseline 0.002 -30"><span class='ocrx_word' id='word_1_71' title='bbox 161 1448 197 1493; x_wconf 93' lang='lat' dir='ltr'>re</span> <span class='ocrx_word' id='word_1_72' title='bbox 220 1422 346 1520; x_wconf 88' lang='lat' dir='ltr'>scripta</span> <span class='ocrx_word' id='word_1_73' title='bbox 366 1438 473 1522; x_wconf 84' lang='lat' dir='ltr'>atque</span> <span class='ocrx_word' id='word_1_74' title='bbox 497 1423 679 1495; x_wconf 84' lang='lat' dir='ltr'>constituta</span> <span class='ocrx_word' id='word_1_75' title='bbox 704 1418 805 1493; x_wconf 77' lang='lat' dir='ltr'>sunt?</span> <span class='ocrx_word' id='word_1_76' title='bbox 823 1418 920 1494; x_wconf 85' lang='lat' dir='ltr'>Certe</span> <span class='ocrx_word' id='word_1_77' title='bbox 944 1419 1032 1493; x_wconf 90' lang='lat' dir='ltr'>hanc</span> <span class='ocrx_word' id='word_1_78' title='bbox 1058 1447 1126 1494; x_wconf 90' lang='lat' dir='ltr'>non</span> <span class='ocrx_word' id='word_1_79' title='bbox 1152 1421 1286 1518; x_wconf 77' lang='lat' dir='ltr'>attigis-</span> 
     </span>
     <span class='ocr_line' id='line_1_11' title="bbox 160 1532 1283 1635; baseline 0.001 -27"><span class='ocrx_word' id='word_1_80' title='bbox 160 1551 213 1608; x_wconf 87' lang='lat' dir='ltr'>set</span> <span class='ocrx_word' id='word_1_81' title='bbox 236 1532 481 1635; x_wconf 89' lang='lat' dir='ltr'>quaestionem,</span> <span class='ocrx_word' id='word_1_82' title='bbox 501 1561 542 1607; x_wconf 84' lang='lat' dir='ltr'>ex</span> <span class='ocrx_word' id='word_1_83' title='bbox 558 1561 626 1634; x_wconf 89' lang='lat' dir='ltr'>qua</span> <span class='ocrx_word' id='word_1_84' title='bbox 643 1561 703 1633; x_wconf 89' lang='lat' dir='ltr'>per</span> <span class='ocrx_word' id='word_1_85' title='bbox 719 1534 894 1608; x_wconf 89' lang='lat' dir='ltr'>hominum</span> <span class='ocrx_word' id='word_1_86' title='bbox 912 1533 1036 1607; x_wconf 86' lang='lat' dir='ltr'>saltem</span> <span class='ocrx_word' id='word_1_87' title='bbox 1050 1533 1213 1608; x_wconf 85' lang='lat' dir='ltr'>malitiam</span> <span class='ocrx_word' id='word_1_88' title='bbox 1231 1550 1283 1609; x_wconf 92' lang='lat' dir='ltr'>tot</span> 
     </span>
     <span class='ocr_line' id='line_1_12' title="bbox 160 1650 528 1749; baseline 0 -27"><span class='ocrx_word' id='word_1_89' title='bbox 160 1650 250 1723; x_wconf 87' lang='lat' dir='ltr'>mala</span> <span class='ocrx_word' id='word_1_90' title='bbox 275 1666 528 1749; x_wconf 81' lang='lat' dir='ltr'>promanarunt.</span> 
     </span>
    </p>

    <p class='ocr_par' dir='ltr' id='par_1_4' title="bbox 158 1762 1289 4054">
     <span class='ocr_line' id='line_1_13' title="bbox 234 1762 1283 1865; baseline 0 -28"><span class='ocrx_word' id='word_1_91' title='bbox 234 1766 305 1838; x_wconf 90' lang='lat' dir='ltr'>lam</span> <span class='ocrx_word' id='word_1_92' title='bbox 330 1762 489 1864; x_wconf 82' lang='lat' dir='ltr'>praestat</span> <span class='ocrx_word' id='word_1_93' title='bbox 502 1781 700 1862; x_wconf 79' lang='lat' dir='ltr'>argumenta</span> <span class='ocrx_word' id='word_1_94' title='bbox 723 1765 931 1863; x_wconf 75' lang='lat' dir='ltr'>expendam,</span> <span class='ocrx_word' id='word_1_95' title='bbox 952 1783 1096 1865; x_wconf 76' lang='lat' dir='ltr'>quae&#39;ex</span> <span class='ocrx_word' id='word_1_96' title='bbox 1114 1765 1283 1861; x_wconf 83' lang='lat' dir='ltr'>ecclesiae</span> 
     </span>
     <span class='ocr_line' id='line_1_14' title="bbox 161 1880 1280 1980; baseline 0 -28"><span class='ocrx_word' id='word_1_97' title='bbox 161 1906 284 1967; x_wconf 85' lang='lat' dir='ltr'>sensu,</span> <span class='ocrx_word' id='word_1_98' title='bbox 305 1881 451 1980; x_wconf 90' lang='lat' dir='ltr'>eiusque</span> <span class='ocrx_word' id='word_1_99' title='bbox 465 1880 585 1978; x_wconf 81' lang='lat' dir='ltr'>agendi</span> <span class='ocrx_word' id='word_1_100' title='bbox 604 1881 736 1953; x_wconf 89' lang='lat' dir='ltr'>ratione</span> <span class='ocrx_word' id='word_1_101' title='bbox 750 1881 961 1979; x_wconf 90' lang='lat' dir='ltr'>proveniunt.</span> <span class='ocrx_word' id='word_1_102' title='bbox 974 1880 1177 1954; x_wconf 81' lang='lat' dir='ltr'>Haeonobis</span> <span class='ocrx_word' id='word_1_103' title='bbox 1195 1906 1280 1979; x_wconf 77' lang='lat' dir='ltr'>sup-</span> 
     </span>
     <span class='ocr_line' id='line_1_15' title="bbox 158 1992 1284 2095; baseline 0.003 -29"><span class='ocrx_word' id='word_1_104' title='bbox 158 1994 312 2094; x_wconf 87' lang='lat' dir='ltr'>peditant</span> <span class='ocrx_word' id='word_1_105' title='bbox 336 1992 549 2069; x_wconf 88' lang='lat' dir='ltr'>matrimonia</span> <span class='ocrx_word' id='word_1_106' title='bbox 574 1996 659 2068; x_wconf 85' lang='lat' dir='ltr'>inita</span> <span class='ocrx_word' id='word_1_107' title='bbox 683 1996 820 2095; x_wconf 91' lang='lat' dir='ltr'>quidem</span> <span class='ocrx_word' id='word_1_108' title='bbox 839 2022 952 2069; x_wconf 87' lang='lat' dir='ltr'>coram</span> <span class='ocrx_word' id='word_1_109' title='bbox 973 1996 1138 2095; x_wconf 86' lang='lat' dir='ltr'>parocho,</span> <span class='ocrx_word' id='word_1_110' title='bbox 1160 1996 1221 2069; x_wconf 91' lang='lat' dir='ltr'>sed</span> <span class='ocrx_word' id='word_1_111' title='bbox 1238 2021 1284 2069; x_wconf 87' lang='lat' dir='ltr'>eo</span> 
     </span>
     <span class='ocr_line' id='line_1_16' title="bbox 163 2106 1284 2208; baseline 0.001 -27"><span class='ocrx_word' id='word_1_112' title='bbox 163 2106 357 2184; x_wconf 80' lang='lat' dir='ltr'>reluctante.</span> <span class='ocrx_word' id='word_1_113' title='bbox 379 2113 452 2184; x_wconf 90' lang='lat' dir='ltr'>Non</span> <span class='ocrx_word' id='word_1_114' title='bbox 479 2110 583 2184; x_wconf 90' lang='lat' dir='ltr'>semel</span> <span class='ocrx_word' id='word_1_115' title='bbox 608 2110 705 2182; x_wconf 85' lang='lat' dir='ltr'>enim-</span> <span class='ocrx_word' id='word_1_116' title='bbox 723 2111 779 2198; x_wconf 86' lang='lat' dir='ltr'>fit,</span> <span class='ocrx_word' id='word_1_117' title='bbox 808 2126 846 2183; x_wconf 92' lang='lat' dir='ltr'>ut</span> <span class='ocrx_word' id='word_1_118' title='bbox 869 2111 941 2208; x_wconf 86' lang='lat' dir='ltr'>duo</span> <span class='ocrx_word' id='word_1_119' title='bbox 962 2137 999 2183; x_wconf 90' lang='lat' dir='ltr'>se</span> <span class='ocrx_word' id='word_1_120' title='bbox 1024 2110 1149 2184; x_wconf 89' lang='lat' dir='ltr'>fideles.</span> <span class='ocrx_word' id='word_1_121' title='bbox 1166 2136 1284 2184; x_wconf 87' lang='lat' dir='ltr'>coram</span> 
     </span>
     <span class='ocr_line' id='line_1_17' title="bbox 163 2221 1286 2325; baseline 0.003 -27"><span class='ocrx_word' id='word_1_122' title='bbox 163 2221 312 2325; x_wconf 80' lang='lat' dir='ltr'>parocho</span> <span class='ocrx_word' id='word_1_123' title='bbox 330 2227 454 2300; x_wconf 83' lang='lat' dir='ltr'>sistant</span> <span class='ocrx_word' id='word_1_124' title='bbox 466 2253 543 2299; x_wconf 91' lang='lat' dir='ltr'>cum</span> <span class='ocrx_word' id='word_1_125' title='bbox 557 2225 708 2313; x_wconf 82' lang='lat' dir='ltr'>duobus,</span> <span class='ocrx_word' id='word_1_126' title='bbox 730 2241 788 2299; x_wconf 90' lang='lat' dir='ltr'>aut</span> <span class='ocrx_word' id='word_1_127' title='bbox 805 2225 913 2299; x_wconf 86' lang='lat' dir='ltr'>trihus</span> <span class='ocrx_word' id='word_1_128' title='bbox 927 2225 1095 2313; x_wconf 85' lang='lat' dir='ltr'>testibus,</span> <span class='ocrx_word' id='word_1_129' title='bbox 1116 2241 1222 2325; x_wconf 80' lang='lat' dir='ltr'>atque</span> <span class='ocrx_word' id='word_1_130' title='bbox 1235 2226 1286 2301; x_wconf 82' lang='lat' dir='ltr'>ita</span> 
     </span>
     <span class='ocr_line' id='line_1_18' title="bbox 162 2338 1286 2440; baseline 0.003 -29"><span class='ocrx_word' id='word_1_131' title='bbox 162 2367 203 2411; x_wconf 86' lang='lat' dir='ltr'>ex</span> <span class='ocrx_word' id='word_1_132' title='bbox 228 2341 432 2440; x_wconf 85' lang='lat' dir='ltr'>improvviso</span> <span class='ocrx_word' id='word_1_133' title='bbox 456 2340 649 2438; x_wconf 78' lang='lat' dir='ltr'>coniugium</span> <span class='ocrx_word' id='word_1_134' title='bbox 671 2339 809 2426; x_wconf 87' lang='lat' dir='ltr'>ineant,</span> <span class='ocrx_word' id='word_1_135' title='bbox 838 2338 920 2412; x_wconf 92' lang='lat' dir='ltr'>dum</span> <span class='ocrx_word' id='word_1_136' title='bbox 945 2339 1115 2438; x_wconf 75' lang='lat' dir='ltr'>parochus</span> <span class='ocrx_word' id='word_1_137' title='bbox 1138 2339 1286 2414; x_wconf 82' lang='lat' dir='ltr'>relucta-</span> 
     </span>
     <span class='ocr_line' id='line_1_19' title="bbox 162 2446 1284 2552; baseline 0.003 -27"><span class='ocrx_word' id='word_1_138' title='bbox 162 2446 257 2527; x_wconf 83' lang='lat' dir='ltr'>tdrus</span> <span class='ocrx_word' id='word_1_139' title='bbox 283 2455 508 2552; x_wconf 84' lang='lat' dir='ltr'>praevidetur.</span> <span class='ocrx_word' id='word_1_140' title='bbox 530 2455 604 2539; x_wconf 83' lang='lat' dir='ltr'>Quo</span> <span class='ocrx_word' id='word_1_141' title='bbox 621 2452 759 2552; x_wconf 89' lang='lat' dir='ltr'>quidem</span> <span class='ocrx_word' id='word_1_142' title='bbox 784 2453 819 2524; x_wconf 92' lang='lat' dir='ltr'>in</span> <span class='ocrx_word' id='word_1_143' title='bbox 844 2479 926 2526; x_wconf 88' lang='lat' dir='ltr'>casu</span> <span class='ocrx_word' id='word_1_144' title='bbox 942 2454 997 2525; x_wconf 83' lang='lat' dir='ltr'>vix</span> <span class='ocrx_word' id='word_1_145' title='bbox 1015 2453 1115 2527; x_wconf 88' lang='lat' dir='ltr'>datus</span> <span class='ocrx_word' id='word_1_146' title='bbox 1132 2469 1284 2528; x_wconf 85' lang='lat' dir='ltr'>estcon·</span> 
     </span>
     <span class='ocr_line' id='line_1_20' title="bbox 164 2569 1285 2657; baseline 0.002 -15"><span class='ocrx_word' id='word_1_147' title='bbox 164 2596 307 2657; x_wconf 87' lang='lat' dir='ltr'>sensus,</span> <span class='ocrx_word' id='word_1_148' title='bbox 331 2570 583 2644; x_wconf 88' lang='lat' dir='ltr'>matrimonium</span> <span class='ocrx_word' id='word_1_149' title='bbox 602 2569 692 2643; x_wconf 92' lang='lat' dir='ltr'>illico</span> <span class='ocrx_word' id='word_1_150' title='bbox 710 2586 935 2657; x_wconf 88' lang='lat' dir='ltr'>contractum,</span> <span class='ocrx_word' id='word_1_151' title='bbox 958 2570 1025 2643; x_wconf 92' lang='lat' dir='ltr'>imo</span> <span class='ocrx_word' id='word_1_152' title='bbox 1044 2586 1077 2644; x_wconf 93' lang='lat' dir='ltr'>et</span> <span class='ocrx_word' id='word_1_153' title='bbox 1097 2571 1285 2645; x_wconf 84' lang='lat' dir='ltr'>ratumha·</span> 
     </span>
     <span class='ocr_line' id='line_1_21' title="bbox 163 2685 1286 2784; baseline 0.005 -29"><span class='ocrx_word' id='word_1_154' title='bbox 163 2685 281 2773; x_wconf 87' lang='lat' dir='ltr'>betur,</span> <span class='ocrx_word' id='word_1_155' title='bbox 300 2711 363 2777; x_wconf 87' lang='lat' dir='ltr'>nec</span> <span class='ocrx_word' id='word_1_156' title='bbox 385 2711 547 2784; x_wconf 89' lang='lat' dir='ltr'>umquam</span> <span class='ocrx_word' id='word_1_157' title='bbox 574 2686 724 2784; x_wconf 88' lang='lat' dir='ltr'>separari</span> <span class='ocrx_word' id='word_1_158' title='bbox 749 2687 911 2783; x_wconf 81' lang='lat' dir='ltr'>coniuges</span> <span class='ocrx_word' id='word_1_159' title='bbox 936 2702 1098 2784; x_wconf 89' lang='lat' dir='ltr'>possunt,</span> <span class='ocrx_word' id='word_1_160' title='bbox 1118 2713 1159 2760; x_wconf 90' lang='lat' dir='ltr'>ac</span> <span class='ocrx_word' id='word_1_161' title='bbox 1173 2713 1286 2762; x_wconf 81' lang='lat' dir='ltr'>novas</span> 
     </span>
     <span class='ocr_line' id='line_1_22' title="bbox 165 2799 1287 2901; baseline 0.004 -31"><span class='ocrx_word' id='word_1_162' title='bbox 165 2800 301 2898; x_wconf 89' lang='lat' dir='ltr'>nuptias</span> <span class='ocrx_word' id='word_1_163' title='bbox 323 2800 421 2872; x_wconf 90' lang='lat' dir='ltr'>inire.</span> <span class='ocrx_word' id='word_1_164' title='bbox 438 2799 590 2874; x_wconf 81' lang='lat' dir='ltr'>Ecclesia</span> <span class='ocrx_word' id='word_1_165' title='bbox 608 2817 718 2874; x_wconf 90' lang='lat' dir='ltr'>tamen</span> <span class='ocrx_word' id='word_1_166' title='bbox 738 2801 798 2889; x_wconf 91' lang='lat' dir='ltr'>iis,</span> <span class='ocrx_word' id='word_1_167' title='bbox 820 2802 879 2899; x_wconf 92' lang='lat' dir='ltr'>qui</span> <span class='ocrx_word' id='word_1_168' title='bbox 897 2802 944 2875; x_wconf 89' lang='lat' dir='ltr'>ita</span> <span class='ocrx_word' id='word_1_169' title='bbox 961 2804 1201 2901; x_wconf 72' lang='lat' dir='ltr'>contrarerint,</span> <span class='ocrx_word' id='word_1_170' title='bbox 1213 2802 1287 2887; x_wconf 10' lang='lat' dir='ltr'>ibe·</span> 
     </span>
     <span class='ocr_line' id='line_1_23' title="bbox 164 2914 1285 3014; baseline 0.004 -29"><span class='ocrx_word' id='word_1_171' title='bbox 164 2914 388 2988; x_wconf 85' lang='lat' dir='ltr'>nediotionem</span> <span class='ocrx_word' id='word_1_172' title='bbox 405 2914 537 3007; x_wconf 32' lang='lat' dir='ltr'>,deinde</span> <span class='ocrx_word' id='word_1_173' title='bbox 565 2941 632 2988; x_wconf 93' lang='lat' dir='ltr'>non</span> <span class='ocrx_word' id='word_1_174' title='bbox 658 2915 867 3014; x_wconf 91' lang='lat' dir='ltr'>impertitur,</span> <span class='ocrx_word' id='word_1_175' title='bbox 896 2942 958 2990; x_wconf 91' lang='lat' dir='ltr'>nec</span> <span class='ocrx_word' id='word_1_176' title='bbox 982 2917 1026 2989; x_wconf 93' lang='lat' dir='ltr'>ad</span> <span class='ocrx_word' id='word_1_177' title='bbox 1043 2917 1204 2990; x_wconf 87' lang='lat' dir='ltr'>eamdem</span> <span class='ocrx_word' id='word_1_178' title='bbox 1230 2943 1285 2990; x_wconf 89' lang='lat' dir='ltr'>re-</span> 
     </span>
     <span class='ocr_line' id='line_1_24' title="bbox 164 3030 1280 3132; baseline 0.001 -30"><span class='ocrx_word' id='word_1_179' title='bbox 164 3030 356 3129; x_wconf 90' lang='lat' dir='ltr'>cipiendam</span> <span class='ocrx_word' id='word_1_180' title='bbox 374 3030 539 3117; x_wconf 86' lang='lat' dir='ltr'>admittit,</span> <span class='ocrx_word' id='word_1_181' title='bbox 560 3031 694 3104; x_wconf 88' lang='lat' dir='ltr'>etiamsi</span> <span class='ocrx_word' id='word_1_182' title='bbox 711 3057 769 3105; x_wconf 91' lang='lat' dir='ltr'>eos</span> <span class='ocrx_word' id='word_1_183' title='bbox 788 3032 908 3130; x_wconf 89' lang='lat' dir='ltr'>patrati</span> <span class='ocrx_word' id='word_1_184' title='bbox 927 3032 1079 3105; x_wconf 90' lang='lat' dir='ltr'>criminis</span> <span class='ocrx_word' id='word_1_185' title='bbox 1097 3033 1280 3132; x_wconf 87' lang='lat' dir='ltr'>poeniteat.</span> 
     </span>
     <span class='ocr_line' id='line_1_25' title="bbox 165 3144 1284 3245; baseline 0.004 -28"><span class='ocrx_word' id='word_1_186' title='bbox 165 3145 277 3230; x_wconf 79' lang='lat' dir='ltr'>Quare</span> <span class='ocrx_word' id='word_1_187' title='bbox 290 3144 481 3238; x_wconf 76' lang='lat' dir='ltr'>enimvero?</span> <span class='ocrx_word' id='word_1_188' title='bbox 493 3146 581 3230; x_wconf 82' lang='lat' dir='ltr'>Quia</span> <span class='ocrx_word' id='word_1_189' title='bbox 598 3145 728 3219; x_wconf 89' lang='lat' dir='ltr'>scilicet</span> <span class='ocrx_word' id='word_1_190' title='bbox 739 3172 800 3245; x_wconf 88' lang='lat' dir='ltr'>pro</span> <span class='ocrx_word' id='word_1_191' title='bbox 812 3163 901 3220; x_wconf 89' lang='lat' dir='ltr'>certo</span> <span class='ocrx_word' id='word_1_192' title='bbox 914 3145 1016 3220; x_wconf 91' lang='lat' dir='ltr'>habet</span> <span class='ocrx_word' id='word_1_193' title='bbox 1028 3174 1089 3222; x_wconf 89' lang='lat' dir='ltr'>eos</span> <span class='ocrx_word' id='word_1_194' title='bbox 1098 3169 1217 3220; x_wconf 83' lang='lat' dir='ltr'>verum</span> <span class='ocrx_word' id='word_1_195' title='bbox 1229 3173 1284 3222; x_wconf 80' lang='lat' dir='ltr'>ra-</span> 
     </span>
     <span class='ocr_line' id='line_1_26' title="bbox 165 3261 1286 3363; baseline 0.004 -32"><span class='ocrx_word' id='word_1_196' title='bbox 165 3275 304 3363; x_wconf 84' lang='lat' dir='ltr'>tumque</span> <span class='ocrx_word' id='word_1_197' title='bbox 321 3261 577 3335; x_wconf 87' lang='lat' dir='ltr'>matrimonium.</span> <span class='ocrx_word' id='word_1_198' title='bbox 590 3261 812 3347; x_wconf 81' lang='lat' dir='ltr'>contraxisse,</span> <span class='ocrx_word' id='word_1_199' title='bbox 832 3287 906 3335; x_wconf 90' lang='lat' dir='ltr'>non.</span> <span class='ocrx_word' id='word_1_200' title='bbox 919 3262 987 3334; x_wconf 89' lang='lat' dir='ltr'>iam</span> <span class='ocrx_word' id='word_1_201' title='bbox 999 3263 1048 3335; x_wconf 92' lang='lat' dir='ltr'>uti</span> <span class='ocrx_word' id='word_1_202' title='bbox 1061 3289 1193 3335; x_wconf 82' lang='lat' dir='ltr'>merum</span> <span class='ocrx_word' id='word_1_203' title='bbox 1203 3263 1286 3337; x_wconf 84' lang='lat' dir='ltr'>civi·</span> 
     </span>
     <span class='ocr_line' id='line_1_27' title="bbox 165 3373 1285 3476; baseline 0.006 -33"><span class='ocrx_word' id='word_1_204' title='bbox 165 3373 230 3445; x_wconf 89' lang='lat' dir='ltr'>lem</span> <span class='ocrx_word' id='word_1_205' title='bbox 244 3391 468 3463; x_wconf 87' lang='lat' dir='ltr'>contractum,</span> <span class='ocrx_word' id='word_1_206' title='bbox 485 3377 550 3449; x_wconf 90' lang='lat' dir='ltr'>sed</span> <span class='ocrx_word' id='word_1_207' title='bbox 568 3377 617 3449; x_wconf 92' lang='lat' dir='ltr'>uti</span> <span class='ocrx_word' id='word_1_208' title='bbox 635 3393 881 3450; x_wconf 85' lang='lat' dir='ltr'>sacramentum</span> <span class='ocrx_word' id='word_1_209' title='bbox 893 3435 901 3464; x_wconf 89' lang='lat'>,</span> <span class='ocrx_word' id='word_1_210' title='bbox 911 3384 913 3390; x_wconf 71' lang='lat'><strong><em>‘</em></strong></span> <span class='ocrx_word' id='word_1_211' title='bbox 923 3377 1025 3476; x_wconf 86' lang='lat' dir='ltr'>quod.</span> <span class='ocrx_word' id='word_1_212' title='bbox 1039 3377 1164 3451; x_wconf 88' lang='lat' dir='ltr'>iterari.</span> <span class='ocrx_word' id='word_1_213' title='bbox 1177 3377 1285 3452; x_wconf 86' lang='lat' dir='ltr'>semel</span> 
     </span>
     <span class='ocr_line' id='line_1_28' title="bbox 165 3488 1285 3591; baseline 0.006 -32"><span class='ocrx_word' id='word_1_214' title='bbox 165 3488 437 3563; x_wconf 87' lang='lat' dir='ltr'>administratum</span> <span class='ocrx_word' id='word_1_215' title='bbox 455 3491 583 3591; x_wconf 91' lang='lat' dir='ltr'>nequit.</span> <span class='ocrx_word' id='word_1_216' title='bbox 602 3489 701 3574; x_wconf 85' lang='lat' dir='ltr'>Nulla</span> <span class='ocrx_word' id='word_1_217' title='bbox 719 3507 829 3564; x_wconf 89' lang='lat' dir='ltr'>autem</span> <span class='ocrx_word' id='word_1_218' title='bbox 846 3508 898 3565; x_wconf 92' lang='lat' dir='ltr'>est</span> <span class='ocrx_word' id='word_1_219' title='bbox 916 3491 1001 3565; x_wconf 90' lang='lat' dir='ltr'>ratio</span> <span class='ocrx_word' id='word_1_220' title='bbox 1017 3490 1285 3566; x_wconf 66' lang='lat' dir='ltr'>conbenedictio</span> 
     </span>
     <span class='ocr_line' id='line_1_29' title="bbox 165 3604 1283 3706; baseline 0.004 -31"><span class='ocrx_word' id='word_1_221' title='bbox 165 3604 307 3676; x_wconf 87' lang='lat' dir='ltr'>corilerri</span> <span class='ocrx_word' id='word_1_222' title='bbox 320 3631 388 3678; x_wconf 92' lang='lat' dir='ltr'>non</span> <span class='ocrx_word' id='word_1_223' title='bbox 404 3607 529 3704; x_wconf 90' lang='lat' dir='ltr'>possit,</span> <span class='ocrx_word' id='word_1_224' title='bbox 547 3608 576 3679; x_wconf 91' lang='lat' dir='ltr'>si</span> <span class='ocrx_word' id='word_1_225' title='bbox 591 3607 675 3679; x_wconf 88' lang='lat' dir='ltr'>haec</span> <span class='ocrx_word' id='word_1_226' title='bbox 688 3623 817 3706; x_wconf 89' lang='lat' dir='ltr'>partem</span> <span class='ocrx_word' id='word_1_227' title='bbox 843 3606 1056 3680; x_wconf 90' lang='lat' dir='ltr'>essentialem</span> <span class='ocrx_word' id='word_1_228' title='bbox 1082 3608 1283 3693; x_wconf 83' lang='lat' dir='ltr'>sacramenti</span> 
     </span>
     <span class='ocr_line' id='line_1_30' title="bbox 166 3720 1282 3808; baseline 0.003 -17"><span class='ocrx_word' id='word_1_229' title='bbox 166 3720 397 3808; x_wconf 87' lang='lat' dir='ltr'>constitueret,</span> <span class='ocrx_word' id='word_1_230' title='bbox 414 3721 461 3794; x_wconf 87' lang='lat' dir='ltr'>ita</span> <span class='ocrx_word' id='word_1_231' title='bbox 474 3737 511 3794; x_wconf 93' lang='lat' dir='ltr'>ut</span> <span class='ocrx_word' id='word_1_232' title='bbox 524 3738 601 3794; x_wconf 89' lang='lat' dir='ltr'>ante</span> <span class='ocrx_word' id='word_1_233' title='bbox 614 3722 707 3794; x_wconf 89' lang='lat' dir='ltr'>illam</span> <span class='ocrx_word' id='word_1_234' title='bbox 720 3749 787 3794; x_wconf 93' lang='lat' dir='ltr'>non</span> <span class='ocrx_word' id='word_1_235' title='bbox 801 3720 981 3796; x_wconf 88' lang='lat' dir='ltr'>haberetur</span> <span class='ocrx_word' id='word_1_236' title='bbox 992 3723 1059 3796; x_wconf 86' lang='lat' dir='ltr'>nisi</span> <span class='ocrx_word' id='word_1_237' title='bbox 1073 3740 1282 3798; x_wconf 86' lang='lat' dir='ltr'>contractus.</span> 
     </span>
     <span class='ocr_line' id='line_1_31' title="bbox 166 3835 1286 3939; baseline 0.006 -34"><span class='ocrx_word' id='word_1_238' title='bbox 166 3835 289 3908; x_wconf 82' lang='lat' dir='ltr'>Censet</span> <span class='ocrx_word' id='word_1_239' title='bbox 305 3837 410 3934; x_wconf 81' lang='lat' dir='ltr'>igitur</span> <span class='ocrx_word' id='word_1_240' title='bbox 426 3837 589 3925; x_wconf 83' lang='lat' dir='ltr'>ecclesia,</span> <span class='ocrx_word' id='word_1_241' title='bbox 610 3838 693 3938; x_wconf 90' lang='lat' dir='ltr'>quin</span> <span class='ocrx_word' id='word_1_242' title='bbox 711 3839 822 3938; x_wconf 92' lang='lat' dir='ltr'>potius</span> <span class='ocrx_word' id='word_1_243' title='bbox 841 3865 900 3939; x_wconf 90' lang='lat' dir='ltr'>pro</span> <span class='ocrx_word' id='word_1_244' title='bbox 918 3854 1008 3912; x_wconf 92' lang='lat' dir='ltr'>certo</span> <span class='ocrx_word' id='word_1_245' title='bbox 1024 3837 1127 3913; x_wconf 88' lang='lat' dir='ltr'>habet</span> <span class='ocrx_word' id='word_1_246' title='bbox 1143 3840 1179 3911; x_wconf 92' lang='lat' dir='ltr'>in</span> <span class='ocrx_word' id='word_1_247' title='bbox 1197 3840 1286 3913; x_wconf 91' lang='lat' dir='ltr'>eius·</span> 
     </span>
     <span class='ocr_line' id='line_1_32' title="bbox 168 3951 1289 4054; baseline 0.004 -29"><span class='ocrx_word' id='word_1_248' title='bbox 168 3951 259 4025; x_wconf 92' lang='lat' dir='ltr'>modi</span> <span class='ocrx_word' id='word_1_249' title='bbox 276 3953 431 4050; x_wconf 81' lang='lat' dir='ltr'>coniugio</span> <span class='ocrx_word' id='word_1_250' title='bbox 444 3957 562 4026; x_wconf 87' lang='lat' dir='ltr'>verum</span> <span class='ocrx_word' id='word_1_251' title='bbox 576 3954 694 4028; x_wconf 88' lang='lat' dir='ltr'>haberi</span> <span class='ocrx_word' id='word_1_252' title='bbox 713 3971 975 4029; x_wconf 86' lang='lat' dir='ltr'>sacramentum.</span> <span class='ocrx_word' id='word_1_253' title='bbox 987 3956 1028 4054; x_wconf 81' lang='lat' dir='ltr'>Et</span> <span class='ocrx_word' id='word_1_254' title='bbox 1044 3954 1113 4029; x_wconf 86' lang='lat' dir='ltr'>hoc</span> <span class='ocrx_word' id='word_1_255' title='bbox 1127 3955 1289 4030; x_wconf 87' lang='lat' dir='ltr'>inelucta-</span> 
     </span>
    </p>

    <p class='ocr_par' dir='ltr' id='par_1_5' title="bbox 172 4065 706 4166">
     <span class='ocr_line' id='line_1_33' title="bbox 172 4065 706 4166; baseline 0.004 -28"><span class='ocrx_word' id='word_1_256' title='bbox 172 4065 239 4139; x_wconf 74' lang='lat' dir='ltr'>bile</span> <span class='ocrx_word' id='word_1_257' title='bbox 263 4069 315 4140; x_wconf 84' lang='lat' dir='ltr'>e&#39;st</span> <span class='ocrx_word' id='word_1_258' title='bbox 338 4085 582 4166; x_wconf 83' lang='lat' dir='ltr'>argumentum.</span> <span class='ocrx_word' id='word_1_259' title='bbox 704 4136 706 4140; x_wconf 47' lang='lat'>.</span> 
     </span>
    </p>

    <p class='ocr_par' dir='ltr' id='par_1_6' title="bbox 215 4183 1287 4287">
     <span class='ocr_line' id='line_1_34' title="bbox 215 4183 1287 4287; baseline 0.009 -37"><span class='ocrx_word' id='word_1_260' title='bbox 215 4240 219 4250; x_wconf 90' lang='lat'>.</span> <span class='ocrx_word' id='word_1_261' title='bbox 240 4183 332 4276; x_wconf 88' lang='lat' dir='ltr'>ldem</span> <span class='ocrx_word' id='word_1_262' title='bbox 358 4184 539 4283; x_wconf 88' lang='lat' dir='ltr'>dicendum</span> <span class='ocrx_word' id='word_1_263' title='bbox 565 4187 615 4283; x_wconf 46' lang='lat' dir='ltr'>de*</span> <span class='ocrx_word' id='word_1_264' title='bbox 630 4189 817 4286; x_wconf 80' lang='lat' dir='ltr'>coniugiis,</span> <span class='ocrx_word' id='word_1_265' title='bbox 837 4214 926 4287; x_wconf 88' lang='lat' dir='ltr'>qnae</span> <span class='ocrx_word' id='word_1_266' title='bbox 943 4187 1154 4264; x_wconf 83' lang='lat' dir='ltr'>celebrantur</span> <span class='ocrx_word' id='word_1_267' title='bbox 1171 4212 1287 4260; x_wconf 88' lang='lat' dir='ltr'>coram</span> 
     </span>
    </p>
   </div>
   <div class='ocr_carea' id='block_1_3' title="bbox 240 4337 421 4399">
    <p class='ocr_par' dir='ltr' id='par_1_7' title="bbox 240 4337 421 4399">
     <span class='ocr_line' id='line_1_35' title="bbox 240 4337 421 4399; baseline 0.011 -13"><span class='ocrx_word' id='word_1_268' title='bbox 240 4337 290 4399; x_wconf 83' lang='lat'>(5⁰)</span> <span class='ocrx_word' id='word_1_269' title='bbox 304 4339 364 4390; x_wconf 78' lang='lat' dir='ltr'>Loc.</span> <span class='ocrx_word' id='word_1_270' title='bbox 380 4339 421 4388; x_wconf 84' lang='lat' dir='ltr'>cit.</span> 
     </span>
    </p>
   </div>
   <div class='ocr_carea' id='block_1_4' title="bbox 0 0 1452 5062">
    <p class='ocr_par' dir='ltr' id='par_1_8' title="bbox 0 0 1452 5062">
     <span class='ocr_line' id='line_1_36' title="bbox 0 0 1452 5062; baseline 0 0"><span class='ocrx_word' id='word_1_271' title='bbox 0 0 1452 5062; x_wconf 95' lang='lat' dir='ltr'> </span> 
     </span>
    </p>
   </div>
  </div>
 </body>
</html>
