2872 5062
162 331 205 401 36
268 398 271 404 ,
367 352 427 401 ιιι.
450 353 472 400 ι.
493 351 579 401 sacr.
602 352 677 400 ιιι
691 351 822 403 ιιιιιιιιι.
834 349 1047 401 sicmusnru

160 467 372 566 theologis
345 494 415 542 sive
433 466 673 566 posterioribus
691 467 817 540 luerit
809 483 1037 595 impugnatus.
1056 464 1148 539 Idem
1162 465 1273 547 dicdc

160 585 308 685 antiquis
327 584 474 672 innatis,
496 609 638 683 quorum
656 583 718 656 etsi
737 584 874 655 minima
892 583 936 655 sit
953 582 987 654 in
1006 581 1203 680 theologicis
1219 609 1274 661 re-

159 699 224 773 bus
242 700 441 786 auctoritas,
460 696 690 771 attameuvel
681 698 774 770 mviti
794 675 890 769 nobis
909 697 1041 786 lavent,
1062 696 1143 771 dum
1156 712 1272 781 omnes

159 815 346 890 concedunt
376 815 622 888 matrimonium
647 839 723 886 csse
748 836 853 886 novae
885 812 969 910 legis
1001 829 1271 903 sacramentum,

158 933 353 1031 praesertim
372 944 449 1030 po'st
471 930 562 1006 Lucii
586 931 645 1000 iii.
668 931 790 1003 summi
816 929 984 1027 pontificis
1011 929 1213 1003 decretalem
1240 933 1275 1011 t'o

159 1075 232 1146 cop.
249 1047 299 1121 tui
315 1046 514 1119 abolendam·
524 1046 639 1118 datum
653 1072 709 1118 an.
727 1047 817 1116 1181
834 1075 841 1117 :
858 1044 936 1117 licet
947 1045 1136 1142 impingant
1152 1045 1275 1120 deinde

158 1164 192 1234 in
219 1160 400 1260 scopulum,
420 1159 486 1233 sibi
511 1159 664 1246 fatalem,
694 1159 784 1257 quod
811 1160 841 1232 si
866 1159 1088 1233 concederent
1117 1172 1189 1258 per'
1203 1186 1275 1237 mas

159 1276 348 1349 trimonium
374 1275 520 1372 gratiam¹
540 1273 681 1347 conferri
706 1300 747 1346 ex
772 1298 872 1372 opere
896 1289 1052 1372 operato,
1079 1299 1147 1348 non
1173 1287 1276 1374 posse

157 1390 254 1463 vitari
273 1389 416 1462 Simonis
442 1387 567 1474 lahem,
589 1388 670 1460 dum
687 1390 723 1459 iu
739 1380 780 1459 eo
799 1386 1034 1461 contrahentes
1055 1388 1276 1486 paciscuntur

158 1505 201 1577 de
215 1504 301 1577 dote.
318 1504 438 1577 Verum
451 1504 486 1575 in
500 1502 564 1576 hoc
580 1529 638 1576 eos
656 1501 720 1576 sibi
739 1502 880 1601 turpiter
897 1501 1140 1577 contradixisse
1154 1506 1274 1585 morito

96 1692 98 1697 ,
158 1617 225 1690 illis
243 1617 517 1716 exprobrabant,
538 1634 576 1689 ut
598 1616 768 1705 vidimus,
789 1617 997 1705 scholastici,
1018 1618 1077 1717 qui
1093 1619 1276 1701 ostendunt

159 1750 371 1819 actum'esse
395 1733 438 1811 de
464 1748 673 1806 sacramento
697 1754 805 1806 novae
829 1732 933 1829 legis,
963 1733 1021 1807 ubi
1039 1750 1192 1832 'negatum
1216 1749 1275 1837 pe'r

158 1849 270 1948 ipsum
288 1849 430 1947 gratiam
439 1869 484 1922 'ex
493 1869 600 1947 'opere
617 1865 754 1947 operato
772 1848 1022 1944 conferri·(91).
1041 1850 1273 1931 Verumtamen

159 1964 311 2052 rnihuuc.
327 1966 438 2062 ipsum
464 1963 641 2062 scopulum
666 1964 806 2062 impegit
821 1963 873 2037 vel
891 1965 966 2063 ipsc
982 1965 1165 2041 Durandus
1186 1988 1274 2049 certe

155 2105 228 2164 non¹
243 2080 505 2153 contemnendus
523 2078 717 2176 theologus,
738 2079 816 2152 etsi
835 2079 893 2177 qui
912 2079 970 2152 alii
988 2078 1123 2155 luerunt
1138 2066 1273 2159 obscum

157 2196 304 2274 nominis
328 2195 542 2283 scholastici,
562 2221 705 2294 quorum
731 2194 915 2293 scriptaad
934 2221 994 2268 nos
1021 2216 1087 2270 n'on
1111 2214 1272 2295 pectene.-

158 2296 259 2397 runi,
289 2337 433 2409 quorum
465 2311 657 2409 opinionem
689 2327 949 2383 commemorant
980 2311 1273 2414 perstringuntque

162 2443 325 2526 quotquot
343 2443 460 2500 'aetate
485 2427 543 2499 illa
567 2426 610 2499 de
635 2453 670 2498 re
700 2425 886 2522 theologica
916 2426 1002 2500 bene
1033 2427 1142 2502 meriti
1163 2447 1271 2517 sunt,

156 2532 192 2614 ¹et
216 2569 360 2640 quorum
385 2543 622 2616 commentaria
647 2541 758 2615 adhuc
783 2541 1009 2638 possidemus.
1243 2528 1248 2539 ⁴

574 2774 794 2848 ARTICULUS.
816 2774 866 2830 lll.

371 2945 485 3004 Veritas
499 2943 677 3004 sacramenti
697 2945 876 3007 Matrimonii
896 2948 1057 3008 ostenditur

194 3042 240 3086 ccx
260 3025 462 3085 Ecclesiastica
484 3026 716 3100 interpretatione
736 3032 831 3087 textus
851 3027 966 3088 Paulini
985 3026 1090 3104 Ephes.
1112 3030 1150 3091 V.
1166 3039 1225 3093 aa.
1262 3066 1266 3073 ·

231 3196 518 3282 Quemadmodum
552 3223 592 3268 ex
624 3197 769 3296 publicis
801 3216 849 3273 et
868 3200 1073 3275 solemnibus
1108 3204 1268 3281 ecclesiae

157 3311 365 3385 documentis
390 3311 432 3384 de
456 3313 658 3386 matrimonii
692 3331 900 3400 sacramento
926 3317 1111 3415 singularia
1136 3322 1268 3421 patmm

158 3428 348 3501 testimonia
372 3426 480 3501 lucem
506 3456 545 3502 ac
570 3431 639 3502 vim
665 3432 861 3529 acquirunt,
883 3433 930 3504 ita
946 3458 986 3506 ex
1003 3449 1146 3536 utroque
1161 3440 1269 3539 capite

157 3539 214 3614 lux'
228 3542 412 3616 affunditur
424 3544 458 3614 in
471 3544 572 3617 verba
586 3545 680 3616 Pauli
693 3546 819 3644 Ephes.
833 3547 869 3618 V,
885 3549 941 3619 32.
962 3564 1202 3627 saceraotem
1215 3554 1269 3645 hnc

149 3675 400 3754 ‹scapnam-esu
419 3685 476 3757 opo
494 3674 600 3731 cutem
617 3660 688 3733 dico
705 3663 741 3732 io
761 3662 888 3734 Christo
906 3679 937 3736 ct
961 3668 996 3736 t‘n
1021 3643 1156 3740 ecclesio
1176 3670 1264 3766 (98).

229 3893 279 3956 (97)
296 3893 327 3942 iii
343 3894 401 3947 suut
414 3866 574 3943 nihilominus
590 3894 689 3964 iuristae
705 3895 741 3944 iiii
747 3910 828 3959 ,quos
838 3897 909 3948 eiiert
921 3900 1004 3949 canus
1018 3899 1088 3949 hac
1079 3913 1134 3964 ipsa
1149 3902 1181 3954 de
1195 3884 1269 3956 musa

42 3995 44 3999 ⁷
157 3987 231 4037 supra
247 3973 425 4041 scholasticos,
442 3986 589 4047 eorumque,
606 3959 635 4024 ui
648 3975 696 4025 sibi
711 3988 753 4026 eos
768 3976 877 4029 inventes
895 3978 1003 4043 efficiat,
1023 3993 1122 4033 sensum
1143 3981 1270 4058 intorquet
1341 4007 1342 4016 ι

150 4039 242 4105 ,contri
255 4053 484 4125 aperiamipscmm
501 4054 615 4104 mentem.
627 4056 719 4104 Verum
731 4055 820 4106 dehoc
825 4058 936 4121 ,postea
1264 4112 1267 4117 ,

230 4139 280 4204 (98)
295 4143 365 4197 Quae
380 4140 476 4190 verba'
469 4153 494 4189 ιιι
510 4153 597 4204 graeco
610 4142 681 4192 textu
694 4144 735 4192 iia
751 4144 899 4196 efferuntur:
919 4140 955 4192 Τό
963 4140 1105 4213 μυστήριον
1116 4162 1194 4198 τουτο
1202 4164 1271 4215 pam

149 4210 203 4265 ,ἔστ
206 4212 246 4265 ι’νε
235 4213 319 4283 ε’γιίδὲ
309 4211 431 4284 siiyns'
423 4234 446 4274 ις
455 4233 536 4286 xptos
539 4213 659 4276 dissicit
668 4216 712 4274 ria
726 4215 835 4290 ἑκιλησι
836 4241 876 4284 om
888 4240 931 4277 ssu
948 4231 976 4278 t'tt
993 4227 1128 4281 Christum
1143 4233 1169 4280 el
1187 4234 1215 4282 lii
1229 4244 1270 4283 ec·

156 4296 270 4350 clettam
1250 4330 1254 4336 ·
