2872 5062
225 375 295 428 cir.
311 375 360 429 ιιι.
376 376 417 428 ur
433 377 592 431 unsrun
609 378 681 430 ιιι.
698 379 745 431 nr.
762 379 881 431 ieeur.
898 380 1103 435 rnrococrcr.
1175 363 1220 436 ta

111 495 354 595 susciperetur,
383 513 440 571 aut
464 497 734 585 ministraretur,
767 500 965 629 praesertim
986 500 1017 572 si
1048 501 1132 575 ratio
1160 500 1222 578 ha·-

109 606 227 684 beatur
251 612 442 685 canonici.
464 628 497 684 et
521 638 595 685 can
618 615 676 685 32.
698 628 828 712 quaest.
846 616 933 686 2.
1127 625 1130 632 '

182 725 275 801 Talia
297 752 434 855 quoque
458 727 576 800 haberi
597 727 721 802 dehent
735 728 898 856 coniugia·
907 730 942 800 in
960 728 1156 805 infidehtate
1172 730 1222 807 le-

109 839 225 936 gitime
257 839 365 928 inita,
398 842 535 940 quando
560 857 677 942 postea
700 842 798 916 ambo
823 842 984 941 coniuges
1010 844 1220 921 matrimonio

99 953 177 1027 iam
189 954 360 1030 coniuncti
372 980 433 1054 per
443 956 648 1056 baptismum
660 956 822 1031 ecclesiae
833 957 1081 1031 adscribuntur.
1094 957 1221 1037 Horum

108 1069 358 1142 matrimonium
375 1085 453 1169 post
468 1070 674 1171 baptismum
698 1085 942 1145 sacramentum
966 1071 1118 1146 evasisse
1142 1071 1221 1172 quie

107 1181 252 1255 dixerit?
271 1181 456 1285 Quousque
473 1184 562 1257 enim
579 1200 781 1259 consensum
799 1212 899 1259 suum
916 1185 951 1258 in
968 1200 1148 1286 conspectu
1164 1211 1221 1261 ee·

106 1295 232 1372 clasiae
251 1299 410 1397 coniuges
427 1299 484 1374 isti
502 1325 570 1373 non
582 1300 830 1387 renovaverint,
849 1298 976 1396 vigebit
991 1300 1128 1400 quidam
1145 1325 1221 1375 con·

106 1425 231 1485 tractus
257 1411 459 1510 coniugalis,
490 1429 734 1487 sacramentum
760 1429 870 1487 autem
895 1440 962 1487 non
986 1413 1176 1488 habebitur.

183 1525 274 1613 Quid
289 1527 318 1601 si
332 1526 441 1625 fingas
454 1529 614 1626 coniuges
631 1528 709 1603 illos
720 1553 793 1603 non
810 1529 927 1607 eodem
945 1545 1094 1629 tempore
1109 1529 1222 1629 bapti·

104 1640 198 1715 zari?
222 1642 273 1716 Eo
296 1642 479 1719 maioribus
505 1644 569 1718 hac
591 1645 625 1718 in
643 1645 843 1745 hypothesi,
872 1671 960 1745 quae
984 1661 1094 1719 amen
1118 1645 1221 1720 infre-

106 1783 217 1857 quens
249 1784 316 1832 nou
347 1773 414 1846 est,
449 1758 705 1833 difficultatibus
730 1786 784 1834 res
809 1759 952 1834 obnoxia
975 1785 1053 1833 esse
1076 1757 1221 1833 dicenda

107 1890 180 1949 est:
208 1900 288 1947 nam
311 1900 388 1948 cum
408 1892 654 1970 sacramentum
675 1902 743 1950 non
763 1876 890 1950 sitnisi
916 1877 952 1949 in
975 1891 1116 1975 unoque
1139 1901 1220 1950 con-

106 1989 203 2088 iuge,
224 2016 292 2064 non
315 1990 421 2091 liquet
444 1993 612 2092 quomodo
629 1993 664 2064 in
680 1993 881 2092 baptismate
897 1992 999 2066 unius
1017 1992 1126 2090 possit
1142 2017 1220 2074 esse

108 2122 355 2182 sacramentum
377 2107 524 2205 coniugii
549 2109 651 2182 etiam
668 2109 703 2180 in
721 2108 842 2195 altero,
871 2108 929 2207 qui
954 2108 1067 2181 adhuc
1090 2107 1219 2207 baptis·

106 2237 202 2297 mate.
219 2222 381 2297 lustratus
406 2249 473 2298 non
498 2240 566 2312 est;
594 2239 652 2297 aut
676 2222 843 2322 quomodo
861 2223 896 2293 in
913 2221 1114 2321 baptismate
1137 2222 1220 2296 alte-

108 2337 180 2413 rius
209 2337 352 2437 incipiat
374 2363 451 2412 esse
475 2351 719 2412 sacramentum
745 2336 782 2409 in
805 2353 965 2436 utroque,
1000 2335 1137 2436 quando
1161 2337 1219 2425 is,

104 2453 163 2553 qui
189 2468 288 2527 antea
312 2451 501 2553 baptizatus
520 2467 583 2540 est,
604 2452 688 2525 sorte
711 2451 755 2524 de
778 2450 980 2524 conferendo
997 2477 1064 2524 non
1081 2450 1217 2548 cogitet.

105 2570 243 2670 Exque
267 2569 558 2644 animadversione
582 2568 730 2668 quisque
754 2567 910 2664 intelligit
934 2567 1067 2641 illorum
1092 2567 1220 2643 theolo-

105 2710 223 2782 gorum
244 2681 420 2758 concidere
445 2683 661 2771 sententiam,
689 2683 749 2782 qui
774 2683 816 2756 ad
842 2680 1049 2757 evadendam
1072 2681 1220 2756 difficul-

107 2813 210 2871 tatem
234 2813 417 2897 reponunt,
446 2798 695 2872 matrimonium
720 2797 928 2886 infidelium,
949 2797 1007 2897 qui
1033 2813 1150 2895 postea
1173 2796 1218 2874 ad

107 2910 300 3010 religionem
320 2939 359 2986 se
383 2912 602 2986 christianam
627 2927 838 3000 convertunt,
866 2938 908 2985 ex
932 2937 1023 2984 mero
1048 2926 1218 2985 contractu

105 3028 177 3102 fieri
203 3044 448 3103 sacramentum
474 3029 551 3128 ipsa
574 3027 735 3128 baptismi
761 3028 983 3128 susceptione.

174 3147 272 3219 Nunc
294 3146 414 3219 iterum
432 3146 521 3242 finge
538 3145 785 3219 matrimonium
810 3144 969 3219 celebrari
995 3143 1083 3217 inter
1104 3142 1216 3242 bapti·

103 3275 240 3347 zatum,
268 3276 302 3334 et
325 3259 624 3347 catechumenam,
651 3259 800 3357 legitima
829 3258 1007 3333 accedente
1039 3259 1219 3358 dispensa-

103 3374 204 3449 tione.
220 3374 293 3448 Hoc
309 3374 457 3474 profecto
473 3375 508 3447 in
526 3401 607 3450 casu
625 3388 814 3448 contractus
832 3375 905 3448 sine
923 3389 1131 3449 sacramento
1155 3374 1219 3448 erit

103 3490 349 3589 agnoscendus.
380 3490 477 3577 Quod
502 3491 532 3564 si
557 3491 728 3590 quispiam
757 3490 878 3563 dixerit
908 3505 1152 3565 sacramentum
1177 3517 1218 3564 ex

104 3621 198 3706 parte
221 3604 383 3706 baptizati
407 3604 541 3694 haberi,
560 3623 628 3680 non
646 3605 822 3693 minuitur,
851 3604 913 3679 'sed
938 3604 1051 3704 potius
1078 3620 1219 3702 augetur

104 3720 307 3810 difficultas3
328 3736 407 3795 tuuc
423 3721 513 3794 enim
530 3721 573 3808 is,
583 3721 643 3821 qui
657 3721 703 3795 ita
716 3722 849 3809 sentiat,
865 3736 1001 3817 urgetur
1017 3734 1055 3792 ut
1072 3718 1216 3805 indicet,

104 3863 170 3936 quo
186 3837 401 3911 ministrante
417 3851 661 3910 sacramentum
677 3834 867 3933 baptizatus
885 3832 1066 3931 acceperit,
1082 3847 1115 3905 et
1132 3848 1217 3930 quc-

103 3952 202 4028 modo
222 3952 297 4026 fieri
322 3952 432 4051 possit
454 3951 582 4038 edicat,
602 3965 639 4024 ut
655 3949 911 4037 catechumena,
932 3974 1020 4048 quae
1037 3947 1218 4046 imparest

103 4086 139 4144 ut
162 4085 412 4145 sacramentum
437 4069 619 4170 suscipiat,
639 4096 682 4144 aa
699 4095 761 4169 par
785 4068 844 4141 fiat
868 4083 906 4142 ut
929 4067 1078 4141 conferat
1103 4091 1217 4138 sacra-

104 4199 265 4260 mentum.
286 4183 485 4284 Exemplum
501 4185 640 4258 ductum
656 4211 696 4257 ex
713 4182 881 4283 baptismo
905 4180 1023 4255 collato
1048 4179 1148 4252 etiam
1173 4177 1217 4251 ab

104 4299 233 4377 infideli
251 4326 320 4377 non
337 4299 542 4398 suffragatur
566 4300 621 4389 iis,
650 4299 708 4399 qui
736 4299 781 4374 ita
806 4297 971 4384 sentiunt,
999 4321 1075 4371 cum
1100 4306 1219 4392 agatur
