2872 5062
231 358 299 431 att
430 381 492 434 tm.
515 383 537 431 ι.
560 381 646 432 sacr.
668 382 798 432 inruat.
821 381 861 431 nn
879 379 1014 432 erratu.
1036 378 1158 429 civim,

227 501 346 574 foedus
364 525 463 572 suum
486 485 597 596 iugale
621 515 775 599 spectant
791 514 828 572 ut
845 498 954 572 solum
979 497 1112 571 civilem
1134 513 1344 572 contractum

227 617 317 689 omni
337 616 507 713 religionis
526 616 696 714 praesidio
714 613 939 689 destitutum?
952 613 1043 700 Quid
1056 613 1099 686 ab
1114 614 1157 686 iis
1171 629 1342 713 expectes,

227 732 287 831 qui
322 758 508 830 numquam
534 732 576 804 ad
603 731 765 805 salutaria
800 746 1009 803 sacramenta
1041 729 1224 817 accedunt,
1258 755 1349 829 quae

227 865 338 921 tamen
363 847 613 921 validissimum
635 848 786 920 fraenum
810 846 1046 947 suppeditant,
1075 845 1221 944 nequis
1247 845 1349 942 fragi-

227 962 312 1036 litati
333 979 452 1036 natura
466 946 532 1037 sibi
545 963 670 1037 insitae
686 963 803 1051 cedat,
825 979 925 1063 atque
943 962 978 1033 in
997 986 1158 1061 praeceps
1176 960 1349 1034 dilabatur

228 1094 382 1166 annuat,
404 1105 481 1152 cum
498 1078 541 1152 ab
562 1079 606 1152 iis
632 1078 885 1180 frequentandis
904 1078 938 1150 in
957 1076 1017 1152 tali
1035 1092 1124 1151 statu
1141 1076 1184 1149 ab
1202 1075 1348 1150 ecclesia

228 1192 434 1268 arceantur?
458 1193 573 1268 Honor
594 1218 633 1266 ac
659 1194 815 1293 propriae
840 1190 1118 1278 existimationis,
1148 1216 1209 1264 seu
1235 1191 1348 1289 dippi-

229 1312 307 1382 totis
326 1310 484 1382 hnmanae
502 1335 644 1397 aerisue,
665 1335 850 1408 numquam
868 1308 1035 1381 delectum
1053 1305 1229 1404 religionis
1248 1331 1347 1406 repa·

228 1424 316 1497 rabit
332 1449 372 1497 ac
389 1424 648 1523 praesidiorum,
666 1423 790 1523 quibus
809 1424 885 1523 ipsa
901 1423 1006 1496 utitur
1023 1422 1066 1494 ad
1080 1421 1237 1495 homines
1256 1446 1347 1494 com-

229 1541 418 1638 pescendos
435 1566 455 1615 a
473 1540 577 1627 vitiis,
607 1556 709 1639 atque
733 1540 777 1613 ad
801 1539 958 1613 virtutem
984 1537 1230 1638 promovendos
1252 1539 1342 1632 (15).

230 1655 435 1756 Quotidiano
461 1655 666 1756 experientia
687 1654 946 1728 ineluctabiliter
964 1654 1150 1755 practicam
1175 1653 1267 1726 hanc
1293 1678 1347 1727 re

169 1772 170 1775 ’
229 1773 362 1845 ritatem
388 1755 546 1846 ostendit.
575 1773 707 1845 Deinde
732 1773 855 1847 lrustra
880 1772 1019 1846 honoris
1045 1796 1086 1844 ac
1111 1770 1270 1875 propriae
1294 1769 1346 1842 di-

228 1888 367 1988 gnitatis
400 1887 557 1991 stimulos
584 1889 735 1988 requires
761 1888 886 1974 iniis,
915 1887 994 1986 qui,
1023 1885 1183 1985 opinione
1209 1883 1346 1983 publica

230 2002 446 2102 posthabita,
466 2004 619 2107 pmlanis
645 2005 700 2078 his
725 2005 854 2103 nuptiis
880 2004 1025 2077 contenti
1042 2003 1085 2074 de
1103 2001 1266 2099 religione
1283 2001 1347 2075 sol-

228 2117 311 2191 liciti
338 2146 404 2193 non
431 2135 530 2209 sunt,
559 2146 699 2221 eamque
725 2119 838 2218 potius
864 2118 1080 2193 contemnunt
1105 2143 1145 2191 ac
1171 2115 1271 2189 nihili
1298 2116 1348 2190 la·

228 2251 333 2335 crunt.

301 2351 467 2424 Indirecte
491 2352 572 2425 item
596 2353 665 2426 vim
691 2349 794 2424 habet
820 2351 939 2424 eadem
965 2350 1018 2422 lex
1045 2351 1080 2420 in
1106 2373 1239 2422 morum
1273 2374 1346 2423 cor-

229 2466 418 2565 ruptionem
448 2469 576 2540 ratione
603 2466 720 2540 habita
745 2466 966 2540 institutionis
991 2465 1200 2552 liberorum,
1230 2491 1342 2565 quae,

229 2594 266 2652 ut
291 2579 376 2652 alias
401 2580 715 2670 animadvertimus,
745 2581 932 2654 christiana
950 2607 990 2654 ac
1008 2579 1165 2678 religiosa
1183 2605 1344 2655 essenon

229 2709 340 2793 potest
363 2721 404 2767 ex
429 2711 524 2794 parte
549 2722 677 2783 eorum,
699 2696 759 2796 qui
777 2697 889 2772 officia
913 2697 1085 2795 religionis
1111 2717 1178 2770 non
1205 2696 1347 2796 implent

229 2808 418 2883 cuiusmodi
445 2835 521 2884 esse
546 2837 604 2884 eos
628 2808 797 2897 'vidimus
827 2813 885 2912 qui
912 2813 1057 2886 civiliter
1084 2827 1216 2885 tantum
1248 2838 1345 2911 copu-

230 2923 353 3030 lantur.¹
369 2925 517 2998 Primum
538 2926 628 3000 enim
650 2927 852 3002 christianae
870 2956 910 3002 ac
927 2928 1104 3026 religiosae
1122 2928 1344 3001 institutionis

229 3039 466 3115 documentum
487 3057 540 3115 est
558 3043 748 3142 exemplum
770 3043 999 3118 institutorum
1021 3044 1114 3116 iuxta
1138 3042 1224 3116 illud
1249 3068 1346 3143 gene-

232 3155 301 3229 rale
327 3157 465 3230 allatum
490 3171 624 3260 poetae:
645 3161 686 3231 St
699 3161 752 3232 ot's
768 3187 817 3232 me
835 3161 927 3260 llere,
949 3158 1123 3231 dolendam
1139 3173 1188 3230 cst
1199 3161 1346 3256 primmn

231 3273 299 3370 ipsi
328 3272 417 3358 olm
450 3272 599 3374 alioquin
626 3274 875 3349 exhortationes
900 3302 939 3348 ac
965 3274 1094 3348 monita
1116 3275 1186 3348 uim
1212 3300 1344 3348 omnem

232 3406 329 3460 suam
357 3389 533 3480 amittunt,
561 3408 595 3465 et
619 3393 731 3466 cancri
758 3391 887 3492 proles,
917 3407 954 3465 ut
979 3391 1093 3466 fabula
1119 3390 1346 3480 docet,·sem-

230 3525 292 3599 per
315 3518 495 3578 retrorsum
521 3507 664 3580 incedet.
687 3506 776 3592 Quid
803 3533 902 3606 porro
927 3507 1076 3580 futurum
1103 3508 1147 3580 sit
1172 3508 1217 3581 de
1242 3507 1342 3593 liliis,

231 3619 290 3718 qui
309 3619 396 3692 inter
411 3622 596 3696 domestica
612 3622 697 3696 haec
715 3622 876 3697 scandala
902 3622 1117 3712 adolescunt,
1138 3624 1284 3724 quilibet
1307 3650 1346 3696 ex

231 3759 323 3824 sese,
354 3736 437 3835 quin
463 3738 563 3837 plura
587 3739 810 3827 adiiciamuS,
840 3740 1026 3829 coniicere,
1056 3767 1117 3814 seu
1143 3741 1259 3815 verius
1287 3765 1346 3839 pro

302 4025 354 4090 (15)
369 4029 405 4076 Ex
420 4027 459 4078 his
475 4030 558 4092 patet,
577 4042 619 4091 per
636 4043 711 4093 quam
728 4029 860 4080 ridiculum
879 4042 931 4080 csse
948 4030 1093 4092 oraculum,
1112 4030 1179 4093 quod
1195 4030 1346 4094 irreligiosus

229 4104 335 4170 scriptor
344 4106 449 4158 michael
459 4109 543 4158 amari
554 4109 624 4160 velut
635 4123 665 4160 ex
675 4110 772 4174 tripode
787 4110 934 4174 pronunciat
944 4111 970 4160 in
980 4123 1020 4174 op.
1032 4112 1121 4161 storto
1135 4109 1345 4161 de'musclmant

229 4186 259 4235 ln
276 4186 380 4238 Stetlta.
396 4187 495 4241 Firenze
514 4193 582 4241 tent.
600 4190 662 4240 tom.
673 4193 693 4241 1.
703 4203 757 4255 cap.
766 4192 808 4242 lx.
818 4204 873 4256 pag.
887 4194 941 4242 224.
954 4191 992 4242 «tl
1002 4191 1149 4242 sentimenta
1169 4190 1236 4242 della
1254 4188 1344 4254 dignita

229 4276 334 4325 amana,
353 4266 399 4318 che
415 4267 470 4318 solo
485 4269 534 4332 puo
551 4270 690 4320 mantenano
700 4269 709 4318 i
720 4271 795 4320 buoni
809 4271 928 4334 costumi,
941 4283 983 4322 era
993 4269 1113 4321 sollocato
1128 4270 1344 4322 necessariamcute

230 4341 257 4391 in
268 4356 302 4394 un
311 4345 411 4409 popolo,
421 4346 440 4397 il
450 4348 490 4398 cui
500 4347 621 4401 intelletto
630 4361 713 4412 gemes
722 4351 760 4401 tra
769 4349 778 4402 i
788 4350 858 4414 ceppi
869 4349 910 4400 dei
920 4350 1000 4401 tratie
1011 4349 1077 4402 dello
1086 4349 1261 4413 impetun.»
