2872 5062
250 364 319 424 err.
333 375 377 424 ιι.
391 377 430 423 ns
447 375 565 425 saeua.
581 374 639 424 mo
653 375 731 424 nuos
744 376 783 424 ns
796 377 892 426 ιιιιιι.
908 376 971 425 crv.
985 375 1055 426 ιιι.
1073 378 1119 427 ιιι.
1200 352 1269 428 tlt

159 495 232 568 leve
262 484 315 567 est
339 494 523 567 adversarii
556 500 722 582 erratum,
752 495 931 568 concilium
952 483 1178 572 'florentinum'
1198 499 1270 599 Spi-

159 603 225 682 ritu
248 601 385 684 Sancto*
401 599 586 709 inspirante
622 610 788 684 eiusmodi
822 611 972 685 edidisse
988 612 1235 687 definitionem
1257 674 1265 701 ‚

160 715 302 827 quams'
281 752 367 834 ipse
392 729 610 834 autumavit
1214 713 1216 719 ⁵

225 844 327 915 Nunc
352 869 431 916 vero
457 844 710 931 animadverto,
741 845 770 916 si
797 845 931 943 proprie
960 843 1178 943 loquamur,¹
1202 872 1269 919 non

159 958 299 1058 quidem
325 945 505 1031 concilium
530 944 768 1046 florentinum,
795 960 854 1032 sed
876 960 987 1059 potius
1009 961 1197 1058 Eugenium
1215 962 1267 1032 lV.
1358 983 1360 986 ·

159 1074 195 1144 in
221 1099 283 1146 sua
308 1074 546 1147 constitutione
567 1087 627 1174 pr'o
648 1076 812 1181 armenis,
837 1075 1027 1180 etquidem
1048 1080 1124 1176 post
1142 1077 1270 1150 disces-

158 1213 234 1262 sum
248 1215 445 1286 graeoorum
459 1190 494 1260 in
507 1190 651 1262 basilica
670 1190 873 1264 lateranensi
887 1191 921 1262 in
935 1218 1002 1289 qua
1020 1190 1196 1264 concilium
1214 1191 1272 1264 llo

159 1305 328 1376 reatinum
351 1305 581 1377 continuatum
593 1305 669 1392 luit,
686 1321 723 1378 ut
737 1292 1083 1394 alibi-adnotavimus,
1099 1305 1267 1379 edixisse:

160 1449 179 1488 ι
194 1411 305 1493 Causa
329 1420 483 1492 efficiens
506 1420 724 1493 matrimonii
738 1420 934 1517 regulariter
957 1436 1010 1494 est
1034 1435 1171 1493 mutuus
1195 1445 1272 1528 con·

158 1561 281 1608 sensus
307 1562 384 1638 per
389 1536 491 1609 verba
511 1537 735 1644 depraesenti
757 1562 939 1644 expressus
950 1539 1048 1632 (tt)
1057 1537 1182 1623 »Quae
1200 1538 1273 1636 qui·

158 1650 235 1722 dem
260 1651 364 1725 verba
392 1666 564 1724 mutuatus
591 1668 644 1724 est
667 1651 840 1748 Eugenius
874 1651 925 1722 lV.
948 1650 1088 1750 perinde
1106 1671 1146 1725 ac
1162 1666 1272 1760 cetera

160 1767 291 1854 omnia,
316 1793 403 1866 quae
421 1767 456 1838 in
474 1766 539 1840 hac
558 1795 621 1840 sua
631 1768 878 1876 constitutione
904 1767 948 1840 ad
974 1782 1181 1841 sacramenta
1198 1753 1273 1866 per-

159 1883 285 1990 tinent,
314 1910 353 1956 ex
379 1884 544 1982 opusculo
568 1884 645 1956 V
651 1884 821 1956 Thomae
846 1883 888 1955 de
913 1884 1135 1956 sacramentis
1146 1886 1244 2013 (99).

158 1985 329 2070 Nulla
346 1998 463 2097 utique
480 1998 515 2068 i'n
533 1996 743 2094 assignanda
760 2023 865 2069 causa
878 1997 1040 2070 efficienti
1067 1992 1272 2070 matrimonii

161 2112 199 2184 lit
222 2112 350 2185 mentio
376 2113 584 2199 sacerdotis,
613 2113 695 2211 quia
719 2139 760 2184 ex
785 2127 895 2184 mente
915 2100 1092 2184 Pontificis
1117 2127 1151 2184 et
1167 2113 1271 2211 Aqui-

158 2228 270 2315 natis,
291 2228 438 2300 ministri
459 2228 561 2300 huius
578 2228 805 2315 sacramenti,
834 2241 871 2299 ut
895 2226 1021 2326 pariter
1046 2251 1108 2298 nos
1133 2241 1271 2299 contenu

159 2341 293 2429 dimus,
322 2357 401 2415 sunt
427 2342 665 2416 contrahentes
691 2342 784 2441 ipsi,
812 2356 913 2440 atque
938 2340 1011 2413 eius
1037 2339 1190 2413 efficacia
1210 2331 1272 2440 per

157 2481 190 2528 se
216 2482 238 2528 a
261 2455 496 2529 benedictione
522 2456 720 2529 sacerdotali
743 2455 935 2528 nullatenus
957 2454 1092 2554 pendet

206 2561 389 2644 Alterum
405 2572 558 2644 eiusdem
581 2572 746 2645 senatoris
768 2570 914 2668 theologi
933 2586 1078 2643 erratum
1096 2587 1159 2655 est,
1181 2571 1273 2680 quod

158 2687 304 2760 affirmet
327 2687 461 2761 concilii
486 2704 599 2817 patres
625 2687 789 2760 cardinali
824 2687 1040 2784 Lotharingio
1074 2687 1272 2787 proponenti

158 2792 377 2875 irritationem
391 2803 622 2900 coniugiorum
635 2803 922 2877 clandestinorum
936 2802 1170 2902 respondisse,
1180 2802 1273 2874 haud

158 2942 262 3016 posse
296 2918 478 2992 concilium
511 2920 667 3007 irritare,
704 2920 796 3018 quod
822 2946 842 2991 a
867 2945 961 2992 conc.
997 2919 1175 3028 florentino
1212 2943 1273 3046 ap-

110 3127 112 3131 ‚
157 3025 336 3133 probatum
355 3034 474 3107 luerat
500 3035 686 3107 Etenim
659 3062 688 3107 sr
714 3061 768 3107 res
794 3036 841 3107 ita
867 3061 904 3108 se
930 3033 1089 3120 haberet,
1114 3060 1191 3106 cum
1212 3033 1272 3105 tri-

158 3141 335 3222 dentinum
350 3164 482 3248 postea,
500 3149 728 3222 consentiente
746 3148 865 3221 maiori
884 3163 1016 3248 patrum
1033 3162 1141 3247 parte,
1158 3148 1273 3246 reipsa

159 3265 342 3338 irritaverit
370 3264 582 3338 clandestina
614 3264 827 3337 matrimonia
848 3255 862 3349 ,⁵
891 3289 966 3336 sese
997 3263 1133 3337 tandem
1167 3286 1273 3362 eppo

160 3381 289 3453 suisset
312 3380 511 3453 florentino:
533 3406 593 3453 seu
611 3381 703 3452 iuxta
721 3369 1050 3452 adversarium'oum
1071 3404 1138 3452 non
1160 3378 1273 3452 minus

159 3490 342 3568 concilium
364 3495 583 3567 tridentinum
606 3521 710 3595 quam
730 3495 945 3569 florentinum
959 3493 1059 3566 luerit
1072 3481 1273 3592 inspiratum

159 3635 179 3681 a
196 3610 324 3709 Spiritu
341 3611 474 3697 Sancto,
491 3610 638 3708 Spiritus
659 3611 800 3682 Sanctus
819 3608 886 3682 sibi
906 3599 974 3708 ipsi
992 3608 1177 3682 contrarius
1194 3596 1275 3679 luis

159 3738 223 3796 set.
248 3725 346 3797 Hanc
370 3750 449 3796 vero
475 3724 743 3798 contrarietatem
765 3750 825 3797 seu
842 3723 1110 3798 colluctationem
1129 3722 1275 3822 Spiritus

158 3837 273 3911 Sancti
291 3865 369 3911 cum
388 3840 570 3938 semetipso
588 3839 852 3937 protestantibus
869 3838 1105 3939 relinquimus,
1126 3837 1273 3936 quinon

158 3969 315 4026 verentur
347 3955 475 4053 passim
501 3955 647 4028 tribuere
676 3954 814 4054 Spiritui
846 3955 967 4028 Sancto
997 3952 1273 4028 contradictorias

159 4095 242 4143 suas
259 4069 444 4145 Bibliorum
471 4070 774 4171 interpretationes.

232 4257 284 4319 (et)
298 4256 370 4320 Apud
385 4256 505 4307 [induto.
518 4259 583 4308 Acta
594 4258 687 4308 concil.
699 4259 759 4308 tom.
772 4261 816 4308 tx.
829 4257 876 4307 col.
889 4260 942 4308 tto.

234 4338 286 4399 (97)
303 4336 367 4386 ltin.
381 4337 430 4386 col.
445 4341 498 4387 tat.
