<?xml version="1.0" encoding="UTF-8"?>
<!DOCTYPE html PUBLIC "-//W3C//DTD XHTML 1.0 Transitional//EN"
    "http://www.w3.org/TR/xhtml1/DTD/xhtml1-transitional.dtd">
<html xmlns="http://www.w3.org/1999/xhtml" xml:lang="en" lang="en">
 <head>
  <title>
</title>
<meta http-equiv="Content-Type" content="text/html;charset=utf-8" />
  <meta name='ocr-system' content='tesseract 3.04.00' />
  <meta name='ocr-capabilities' content='ocr_page ocr_carea ocr_par ocr_line ocrx_word'/>
</head>
<body>
  <div class='ocr_page' id='page_1' title='image "./dematrimoniochr00perrgoog_0361.png"; bbox 0 0 2872 5062; ppageno 0'>
   <div class='ocr_carea' id='block_1_1' title="bbox 238 313 1145 387">
    <p class='ocr_par' dir='ltr' id='par_1_1' title="bbox 238 313 1145 387">
     <span class='ocr_line' id='line_1_1' title="bbox 238 313 1145 387; baseline -0.003 -3"><span class='ocrx_word' id='word_1_1' title='bbox 238 313 305 384; x_wconf 76' lang='lat' dir='ltr'>att</span> <span class='ocrx_word' id='word_1_2' title='bbox 430 336 491 384; x_wconf 80' lang='lat' dir='ltr'>urs.</span> <span class='ocrx_word' id='word_1_3' title='bbox 514 335 536 383; x_wconf 91' lang='lat'>1.</span> <span class='ocrx_word' id='word_1_4' title='bbox 558 334 644 385; x_wconf 84' lang='lat' dir='ltr'>sacr.</span> <span class='ocrx_word' id='word_1_5' title='bbox 667 337 796 387; x_wconf 79' lang='lat' dir='ltr'>masan.</span> <span class='ocrx_word' id='word_1_6' title='bbox 818 337 858 385; x_wconf 85' lang='lat' dir='ltr'>ns</span> <span class='ocrx_word' id='word_1_7' title='bbox 884 336 1016 386; x_wconf 78' lang='lat' dir='ltr'>unrmu.</span> <span class='ocrx_word' id='word_1_8' title='bbox 1038 334 1145 386; x_wconf 83' lang='lat' dir='ltr'>crvmr.</span> 
     </span>
    </p>
   </div>
   <div class='ocr_carea' id='block_1_2' title="bbox 234 462 1345 1255">
    <p class='ocr_par' dir='ltr' id='par_1_2' title="bbox 235 462 1344 792">
     <span class='ocr_line' id='line_1_2' title="bbox 236 462 1343 563; baseline -0.002 -26"><span class='ocrx_word' id='word_1_9' title='bbox 236 462 417 537; x_wconf 82' lang='lat' dir='ltr'>celebratio</span> <span class='ocrx_word' id='word_1_10' title='bbox 450 463 623 563; x_wconf 88' lang='lat' dir='ltr'>proposita</span> <span class='ocrx_word' id='word_1_11' title='bbox 653 479 743 536; x_wconf 91' lang='lat' dir='ltr'>esset</span> <span class='ocrx_word' id='word_1_12' title='bbox 776 462 912 561; x_wconf 86' lang='lat' dir='ltr'>regulae</span> <span class='ocrx_word' id='word_1_13' title='bbox 946 462 1075 550; x_wconf 80' lang='lat' dir='ltr'>instar,</span> <span class='ocrx_word' id='word_1_14' title='bbox 1103 463 1343 562; x_wconf 86' lang='lat' dir='ltr'>potiusquam</span> 
     </span>
     <span class='ocr_line' id='line_1_3' title="bbox 235 577 1344 679; baseline -0.004 -25"><span class='ocrx_word' id='word_1_15' title='bbox 235 578 458 678; x_wconf 86' lang='lat' dir='ltr'>exceptionis,</span> <span class='ocrx_word' id='word_1_16' title='bbox 477 578 530 652; x_wconf 84' lang='lat' dir='ltr'>vel</span> <span class='ocrx_word' id='word_1_17' title='bbox 548 594 636 652; x_wconf 86' lang='lat' dir='ltr'>certe</span> <span class='ocrx_word' id='word_1_18' title='bbox 656 578 755 678; x_wconf 89' lang='lat' dir='ltr'>lapsu</span> <span class='ocrx_word' id='word_1_19' title='bbox 769 578 929 679; x_wconf 92' lang='lat' dir='ltr'>temporis</span> <span class='ocrx_word' id='word_1_20' title='bbox 943 577 1116 678; x_wconf 84' lang='lat' dir='ltr'>paullatim</span> <span class='ocrx_word' id='word_1_21' title='bbox 1129 579 1344 678; x_wconf 83' lang='lat' dir='ltr'>exceptiones</span> 
     </span>
     <span class='ocr_line' id='line_1_4' title="bbox 235 691 1298 792; baseline -0.003 -26"><span class='ocrx_word' id='word_1_22' title='bbox 235 694 354 766; x_wconf 87' lang='lat' dir='ltr'>fierent</span> <span class='ocrx_word' id='word_1_23' title='bbox 378 718 597 778; x_wconf 86' lang='lat' dir='ltr'>communes,</span> <span class='ocrx_word' id='word_1_24' title='bbox 627 709 728 792; x_wconf 89' lang='lat' dir='ltr'>atque</span> <span class='ocrx_word' id='word_1_25' title='bbox 754 692 966 792; x_wconf 82' lang='lat' dir='ltr'>exceptiones</span> <span class='ocrx_word' id='word_1_26' title='bbox 992 718 1069 765; x_wconf 89' lang='lat' dir='ltr'>esse</span> <span class='ocrx_word' id='word_1_27' title='bbox 1093 691 1298 766; x_wconf 86' lang='lat' dir='ltr'>desinerent.</span> 
     </span>
    </p>

    <p class='ocr_par' dir='ltr' id='par_1_3' title="bbox 234 808 1345 1255">
     <span class='ocr_line' id='line_1_5' title="bbox 305 808 1344 908; baseline -0.001 -28"><span class='ocrx_word' id='word_1_28' title='bbox 305 808 553 883; x_wconf 73' lang='lat' dir='ltr'>concludamus</span> <span class='ocrx_word' id='word_1_29' title='bbox 587 810 701 908; x_wconf 88' lang='lat' dir='ltr'>itaque</span> <span class='ocrx_word' id='word_1_30' title='bbox 727 808 761 881; x_wconf 96' lang='lat' dir='ltr'>id</span> <span class='ocrx_word' id='word_1_31' title='bbox 788 809 877 908; x_wconf 90' lang='lat' dir='ltr'>quod</span> <span class='ocrx_word' id='word_1_32' title='bbox 904 809 1003 881; x_wconf 90' lang='lat' dir='ltr'>unioe</span> <span class='ocrx_word' id='word_1_33' title='bbox 1026 834 1143 881; x_wconf 85' lang='lat' dir='ltr'>verum</span> <span class='ocrx_word' id='word_1_34' title='bbox 1167 823 1238 895; x_wconf 88' lang='lat' dir='ltr'>est,</span> <span class='ocrx_word' id='word_1_35' title='bbox 1267 808 1344 880; x_wconf 88' lang='lat' dir='ltr'>lun-</span> 
     </span>
     <span class='ocr_line' id='line_1_6' title="bbox 234 922 1345 1024; baseline -0.001 -26"><span class='ocrx_word' id='word_1_36' title='bbox 234 925 425 999; x_wconf 88' lang='lat' dir='ltr'>damentum</span> <span class='ocrx_word' id='word_1_37' title='bbox 448 924 533 1011; x_wconf 86' lang='lat' dir='ltr'>boa,</span> <span class='ocrx_word' id='word_1_38' title='bbox 558 925 649 1024; x_wconf 89' lang='lat' dir='ltr'>quod</span> <span class='ocrx_word' id='word_1_39' title='bbox 670 924 863 998; x_wconf 85' lang='lat' dir='ltr'>obtenditur</span> <span class='ocrx_word' id='word_1_40' title='bbox 880 925 923 997; x_wconf 88' lang='lat' dir='ltr'>ad</span> <span class='ocrx_word' id='word_1_41' title='bbox 941 924 1050 1022; x_wconf 87' lang='lat' dir='ltr'>legem</span> <span class='ocrx_word' id='word_1_42' title='bbox 1068 922 1261 997; x_wconf 85' lang='lat' dir='ltr'>istiusmodi</span> <span class='ocrx_word' id='word_1_43' title='bbox 1280 938 1345 997; x_wconf 91' lang='lat' dir='ltr'>sta·</span> 
     </span>
     <span class='ocr_line' id='line_1_7' title="bbox 234 1036 1341 1140; baseline -0.001 -27"><span class='ocrx_word' id='word_1_44' title='bbox 234 1039 405 1127; x_wconf 87' lang='lat' dir='ltr'>tuendam,</span> <span class='ocrx_word' id='word_1_45' title='bbox 422 1040 627 1140; x_wconf 82' lang='lat' dir='ltr'>impietatem</span> <span class='ocrx_word' id='word_1_46' title='bbox 641 1039 809 1126; x_wconf 87' lang='lat' dir='ltr'>redolere,</span> <span class='ocrx_word' id='word_1_47' title='bbox 825 1057 859 1112; x_wconf 92' lang='lat' dir='ltr'>et</span> <span class='ocrx_word' id='word_1_48' title='bbox 870 1039 1068 1139; x_wconf 78' lang='lat' dir='ltr'>hypocrisin</span> <span class='ocrx_word' id='word_1_49' title='bbox 1086 1064 1206 1138; x_wconf 78' lang='lat' dir='ltr'>sapere</span> <span class='ocrx_word' id='word_1_50' title='bbox 1225 1036 1341 1126; x_wconf 83' lang='lat' dir='ltr'>verba,</span> 
     </span>
     <span class='ocr_line' id='line_1_8' title="bbox 234 1154 876 1255; baseline -0.006 -27"><span class='ocrx_word' id='word_1_51' title='bbox 234 1154 358 1255; x_wconf 91' lang='lat' dir='ltr'>quibus</span> <span class='ocrx_word' id='word_1_52' title='bbox 384 1179 438 1228; x_wconf 88' lang='lat' dir='ltr'>res</span> <span class='ocrx_word' id='word_1_53' title='bbox 460 1155 643 1229; x_wconf 85' lang='lat' dir='ltr'>sancienda</span> <span class='ocrx_word' id='word_1_54' title='bbox 669 1154 876 1255; x_wconf 91' lang='lat' dir='ltr'>proponitur.</span> 
     </span>
    </p>
   </div>
   <div class='ocr_carea' id='block_1_3' title="bbox 730 1387 838 1484">
    <p class='ocr_par' dir='ltr' id='par_1_4' title="bbox 730 1387 838 1484">
     <span class='ocr_line' id='line_1_9' title="bbox 730 1387 838 1484; baseline 0 -27"><span class='ocrx_word' id='word_1_55' title='bbox 730 1389 765 1484; x_wconf 69' lang='lat' dir='ltr'>p.</span> <span class='ocrx_word' id='word_1_56' title='bbox 796 1387 838 1457; x_wconf 89' lang='lat'>11.</span> 
     </span>
    </p>
   </div>
   <div class='ocr_carea' id='block_1_4' title="bbox 592 1618 995 1670">
    <p class='ocr_par' dir='ltr' id='par_1_5' title="bbox 592 1618 995 1670">
     <span class='ocr_line' id='line_1_10' title="bbox 592 1618 995 1670; baseline -0.002 -2"><span class='ocrx_word' id='word_1_57' title='bbox 592 1619 694 1669; x_wconf 77' lang='lat' dir='ltr'>Politice</span> <span class='ocrx_word' id='word_1_58' title='bbox 711 1618 809 1670; x_wconf 80' lang='lat' dir='ltr'>libertas</span> <span class='ocrx_word' id='word_1_59' title='bbox 825 1620 995 1670; x_wconf 83' lang='lat' dir='ltr'>conseieotiae.</span> 
     </span>
    </p>
   </div>
   <div class='ocr_carea' id='block_1_5' title="bbox 229 1813 1342 3535">
    <p class='ocr_par' dir='ltr' id='par_1_6' title="bbox 229 1813 1342 3535">
     <span class='ocr_line' id='line_1_11' title="bbox 307 1813 1339 1916; baseline 0 -30"><span class='ocrx_word' id='word_1_60' title='bbox 307 1816 510 1916; x_wconf 83' lang='lat' dir='ltr'>Principium</span> <span class='ocrx_word' id='word_1_61' title='bbox 534 1817 577 1888; x_wconf 94' lang='lat' dir='ltr'>de</span> <span class='ocrx_word' id='word_1_62' title='bbox 602 1815 827 1889; x_wconf 85' lang='lat' dir='ltr'>conscientiae</span> <span class='ocrx_word' id='word_1_63' title='bbox 846 1813 998 1888; x_wconf 88' lang='lat' dir='ltr'>libertate</span> <span class='ocrx_word' id='word_1_64' title='bbox 1010 1839 1114 1886; x_wconf 86' lang='lat' dir='ltr'>unum</span> <span class='ocrx_word' id='word_1_65' title='bbox 1127 1828 1179 1887; x_wconf 88' lang='lat' dir='ltr'>est</span> <span class='ocrx_word' id='word_1_66' title='bbox 1191 1839 1232 1886; x_wconf 84' lang='lat' dir='ltr'>ex</span> <span class='ocrx_word' id='word_1_67' title='bbox 1245 1839 1339 1912; x_wconf 89' lang='lat' dir='ltr'>prae-</span> 
     </span>
     <span class='ocr_line' id='line_1_12' title="bbox 231 1927 1340 2032; baseline -0.005 -26"><span class='ocrx_word' id='word_1_68' title='bbox 231 1933 342 2032; x_wconf 87' lang='lat' dir='ltr'>cipuis</span> <span class='ocrx_word' id='word_1_69' title='bbox 367 1931 523 2018; x_wconf 85' lang='lat' dir='ltr'>motivis,</span> <span class='ocrx_word' id='word_1_70' title='bbox 552 1957 639 2031; x_wconf 92' lang='lat' dir='ltr'>quae</span> <span class='ocrx_word' id='word_1_71' title='bbox 665 1929 794 2029; x_wconf 89' lang='lat' dir='ltr'>prolata</span> <span class='ocrx_word' id='word_1_72' title='bbox 819 1945 915 2018; x_wconf 89' lang='lat' dir='ltr'>sunt,</span> <span class='ocrx_word' id='word_1_73' title='bbox 937 1946 970 2003; x_wconf 92' lang='lat' dir='ltr'>et</span> <span class='ocrx_word' id='word_1_74' title='bbox 995 1929 1136 2028; x_wconf 84' lang='lat' dir='ltr'>proferri</span> <span class='ocrx_word' id='word_1_75' title='bbox 1163 1927 1273 2002; x_wconf 89' lang='lat' dir='ltr'>solent</span> <span class='ocrx_word' id='word_1_76' title='bbox 1298 1927 1340 2001; x_wconf 90' lang='lat' dir='ltr'>ad</span> 
     </span>
     <span class='ocr_line' id='line_1_13' title="bbox 231 2043 1342 2145; baseline -0.002 -27"><span class='ocrx_word' id='word_1_77' title='bbox 231 2047 339 2145; x_wconf 83' lang='lat' dir='ltr'>legem</span> <span class='ocrx_word' id='word_1_78' title='bbox 365 2046 409 2120; x_wconf 88' lang='lat' dir='ltr'>de</span> <span class='ocrx_word' id='word_1_79' title='bbox 434 2045 602 2122; x_wconf 80' lang='lat' dir='ltr'>connubio</span> <span class='ocrx_word' id='word_1_80' title='bbox 636 2071 726 2118; x_wconf 90' lang='lat' dir='ltr'>mere</span> <span class='ocrx_word' id='word_1_81' title='bbox 752 2045 842 2119; x_wconf 82' lang='lat' dir='ltr'>civili</span> <span class='ocrx_word' id='word_1_82' title='bbox 870 2044 1100 2119; x_wconf 88' lang='lat' dir='ltr'>sanciendam.</span> <span class='ocrx_word' id='word_1_83' title='bbox 1129 2045 1201 2117; x_wconf 91' lang='lat' dir='ltr'>Hoo</span> <span class='ocrx_word' id='word_1_84' title='bbox 1227 2043 1342 2117; x_wconf 84' lang='lat' dir='ltr'>aflera-</span> 
     </span>
     <span class='ocr_line' id='line_1_14' title="bbox 230 2159 1337 2262; baseline -0.004 -26"><span class='ocrx_word' id='word_1_85' title='bbox 230 2163 314 2236; x_wconf 90' lang='lat' dir='ltr'>bant</span> <span class='ocrx_word' id='word_1_86' title='bbox 336 2163 487 2262; x_wconf 86' lang='lat' dir='ltr'>deputati</span> <span class='ocrx_word' id='word_1_87' title='bbox 513 2162 666 2262; x_wconf 92' lang='lat' dir='ltr'>plerique</span> <span class='ocrx_word' id='word_1_88' title='bbox 692 2189 809 2235; x_wconf 90' lang='lat' dir='ltr'>omnes</span> <span class='ocrx_word' id='word_1_89' title='bbox 827 2163 862 2234; x_wconf 90' lang='lat' dir='ltr'>in</span> <span class='ocrx_word' id='word_1_90' title='bbox 881 2161 1026 2244; x_wconf 76' lang='lat' dir='ltr'>comitiis</span> <span class='ocrx_word' id='word_1_91' title='bbox 1050 2159 1242 2260; x_wconf 85' lang='lat' dir='ltr'>subalpinis</span> <span class='ocrx_word' id='word_1_92' title='bbox 1273 2161 1337 2255; x_wconf 86' lang='lat'>(8);</span> 
     </span>
     <span class='ocr_line' id='line_1_15' title="bbox 231 2275 1341 2378; baseline -0.004 -27"><span class='ocrx_word' id='word_1_93' title='bbox 231 2279 296 2353; x_wconf 90' lang='lat' dir='ltr'>boe</span> <span class='ocrx_word' id='word_1_94' title='bbox 329 2304 397 2352; x_wconf 90' lang='lat' dir='ltr'>non</span> <span class='ocrx_word' id='word_1_95' title='bbox 430 2278 532 2378; x_wconf 86' lang='lat' dir='ltr'>pauci</span> <span class='ocrx_word' id='word_1_96' title='bbox 565 2295 737 2352; x_wconf 83' lang='lat' dir='ltr'>senatores</span> <span class='ocrx_word' id='word_1_97' title='bbox 774 2278 940 2376; x_wconf 84' lang='lat' dir='ltr'>urgebant</span> <span class='ocrx_word' id='word_1_98' title='bbox 967 2281 1041 2373; x_wconf 85' lang='grc'>(9);</span> <span class='ocrx_word' id='word_1_99' title='bbox 1078 2277 1158 2349; x_wconf 85' lang='lat' dir='ltr'>huic</span> <span class='ocrx_word' id='word_1_100' title='bbox 1192 2275 1341 2376; x_wconf 92' lang='lat' dir='ltr'>denique</span> 
     </span>
     <span class='ocr_line' id='line_1_16' title="bbox 230 2380 1342 2491; baseline -0.002 -27"><span class='ocrx_word' id='word_1_101' title='bbox 230 2380 408 2466; x_wconf 89' lang='lat' dir='ltr'>insistebat</span> <span class='ocrx_word' id='word_1_102' title='bbox 433 2393 586 2467; x_wconf 90' lang='lat' dir='ltr'>minister</span> <span class='ocrx_word' id='word_1_103' title='bbox 609 2394 735 2491; x_wconf 86' lang='lat' dir='ltr'>regius,</span> <span class='ocrx_word' id='word_1_104' title='bbox 757 2393 811 2466; x_wconf 87' lang='lat' dir='ltr'>oui</span> <span class='ocrx_word' id='word_1_105' title='bbox 830 2418 1043 2491; x_wconf 91' lang='lat' dir='ltr'>summopere</span> <span class='ocrx_word' id='word_1_106' title='bbox 1068 2390 1161 2467; x_wconf 86' lang='lat' dir='ltr'>cordi</span> <span class='ocrx_word' id='word_1_107' title='bbox 1186 2405 1276 2479; x_wconf 84' lang='lat' dir='ltr'>erat,</span> <span class='ocrx_word' id='word_1_108' title='bbox 1305 2406 1342 2463; x_wconf 87' lang='lat' dir='ltr'>ut</span> 
     </span>
     <span class='ocr_line' id='line_1_17' title="bbox 229 2506 1340 2608; baseline -0.001 -28"><span class='ocrx_word' id='word_1_109' title='bbox 229 2509 283 2583; x_wconf 89' lang='lat' dir='ltr'>lex</span> <span class='ocrx_word' id='word_1_110' title='bbox 307 2508 481 2608; x_wconf 89' lang='lat' dir='ltr'>proposita</span> <span class='ocrx_word' id='word_1_111' title='bbox 507 2506 723 2608; x_wconf 89' lang='lat' dir='ltr'>adoptaretur</span> <span class='ocrx_word' id='word_1_112' title='bbox 747 2512 834 2605; x_wconf 82' lang='lat'>(10).</span> <span class='ocrx_word' id='word_1_113' title='bbox 852 2509 944 2581; x_wconf 92' lang='lat' dir='ltr'>Nihil</span> <span class='ocrx_word' id='word_1_114' title='bbox 965 2508 1174 2608; x_wconf 79' lang='lat' dir='ltr'>frequentius</span> <span class='ocrx_word' id='word_1_115' title='bbox 1196 2507 1231 2580; x_wconf 92' lang='lat' dir='ltr'>in</span> <span class='ocrx_word' id='word_1_116' title='bbox 1255 2508 1340 2581; x_wconf 89' lang='lat' dir='ltr'>aetis</span> 
     </span>
     <span class='ocr_line' id='line_1_18' title="bbox 229 2623 1340 2725; baseline 0.004 -31"><span class='ocrx_word' id='word_1_117' title='bbox 229 2623 429 2721; x_wconf 87' lang='lat' dir='ltr'>legislativis</span> <span class='ocrx_word' id='word_1_118' title='bbox 442 2624 597 2712; x_wconf 83' lang='lat' dir='ltr'>occurrit,</span> <span class='ocrx_word' id='word_1_119' title='bbox 614 2651 716 2725; x_wconf 91' lang='lat' dir='ltr'>quam</span> <span class='ocrx_word' id='word_1_120' title='bbox 732 2625 865 2698; x_wconf 78' lang='lat' dir='ltr'>libertas</span> <span class='ocrx_word' id='word_1_121' title='bbox 877 2628 1065 2698; x_wconf 76' lang='lat' dir='ltr'>rescientiae</span> <span class='ocrx_word' id='word_1_122' title='bbox 1070 2653 1082 2711; x_wconf 89' lang='lat'><em>;</em></span> <span class='ocrx_word' id='word_1_123' title='bbox 1097 2640 1130 2698; x_wconf 90' lang='lat' dir='ltr'>et</span> <span class='ocrx_word' id='word_1_124' title='bbox 1142 2623 1234 2724; x_wconf 90' lang='lat' dir='ltr'>quod</span> <span class='ocrx_word' id='word_1_125' title='bbox 1247 2650 1340 2725; x_wconf 87' lang='lat' dir='ltr'>prae·</span> 
     </span>
     <span class='ocr_line' id='line_1_19' title="bbox 231 2738 1340 2838; baseline -0.001 -26"><span class='ocrx_word' id='word_1_126' title='bbox 231 2738 371 2837; x_wconf 85' lang='lat' dir='ltr'>scriptio</span> <span class='ocrx_word' id='word_1_127' title='bbox 388 2738 472 2811; x_wconf 92' lang='lat' dir='ltr'>ritus</span> <span class='ocrx_word' id='word_1_128' title='bbox 490 2739 638 2836; x_wconf 80' lang='lat' dir='ltr'>religiosi</span> <span class='ocrx_word' id='word_1_129' title='bbox 661 2739 859 2838; x_wconf 79' lang='lat' dir='ltr'>obligatorias</span> <span class='ocrx_word' id='word_1_130' title='bbox 878 2739 1032 2815; x_wconf 85' lang='lat' dir='ltr'>videatur</span> <span class='ocrx_word' id='word_1_131' title='bbox 1056 2740 1221 2813; x_wconf 86' lang='lat' dir='ltr'>contraria</span> <span class='ocrx_word' id='word_1_132' title='bbox 1237 2739 1340 2813; x_wconf 89' lang='lat' dir='ltr'>liber-</span> 
     </span>
     <span class='ocr_line' id='line_1_20' title="bbox 229 2854 1339 2955; baseline 0.005 -33"><span class='ocrx_word' id='word_1_133' title='bbox 229 2854 290 2927; x_wconf 85' lang='lat' dir='ltr'>tati</span> <span class='ocrx_word' id='word_1_134' title='bbox 315 2855 564 2942; x_wconf 86' lang='lat' dir='ltr'>aonseientiae;</span> <span class='ocrx_word' id='word_1_135' title='bbox 593 2856 684 2955; x_wconf 92' lang='lat' dir='ltr'>quod</span> <span class='ocrx_word' id='word_1_136' title='bbox 716 2883 783 2929; x_wconf 91' lang='lat' dir='ltr'>non</span> <span class='ocrx_word' id='word_1_137' title='bbox 815 2872 965 2955; x_wconf 90' lang='lat' dir='ltr'>oporteat</span> <span class='ocrx_word' id='word_1_138' title='bbox 997 2856 1088 2954; x_wconf 82' lang='lat' dir='ltr'>leges</span> <span class='ocrx_word' id='word_1_139' title='bbox 1120 2855 1339 2954; x_wconf 84' lang='lat' dir='ltr'>obligatorias</span> 
     </span>
     <span class='ocr_line' id='line_1_21' title="bbox 232 2969 1339 3073; baseline 0.002 -30"><span class='ocrx_word' id='word_1_140' title='bbox 232 2984 378 3073; x_wconf 72' lang='lat' dir='ltr'>statuere</span> <span class='ocrx_word' id='word_1_141' title='bbox 395 2969 567 3044; x_wconf 82' lang='lat' dir='ltr'>adactum</span> <span class='ocrx_word' id='word_1_142' title='bbox 593 2970 788 3068; x_wconf 90' lang='lat' dir='ltr'>religiosum</span> <span class='ocrx_word' id='word_1_143' title='bbox 815 2972 1032 3072; x_wconf 87' lang='lat' dir='ltr'>ponendum;</span> <span class='ocrx_word' id='word_1_144' title='bbox 1061 2973 1152 3072; x_wconf 92' lang='lat' dir='ltr'>quod</span> <span class='ocrx_word' id='word_1_145' title='bbox 1176 2971 1213 3044; x_wconf 92' lang='lat' dir='ltr'>in</span> <span class='ocrx_word' id='word_1_146' title='bbox 1238 2997 1339 3070; x_wconf 86' lang='lat' dir='ltr'>nego-</span> 
     </span>
     <span class='ocr_line' id='line_1_22' title="bbox 229 3085 1337 3187; baseline 0 -30"><span class='ocrx_word' id='word_1_147' title='bbox 229 3085 287 3160; x_wconf 86' lang='lat' dir='ltr'>tiis</span> <span class='ocrx_word' id='word_1_148' title='bbox 311 3085 480 3183; x_wconf 89' lang='lat' dir='ltr'>religiosis</span> <span class='ocrx_word' id='word_1_149' title='bbox 506 3085 649 3186; x_wconf 91' lang='lat' dir='ltr'>relinqui</span> <span class='ocrx_word' id='word_1_150' title='bbox 675 3087 795 3159; x_wconf 89' lang='lat' dir='ltr'>debeat</span> <span class='ocrx_word' id='word_1_151' title='bbox 821 3086 975 3161; x_wconf 82' lang='lat' dir='ltr'>absoluta</span> <span class='ocrx_word' id='word_1_152' title='bbox 999 3086 1158 3175; x_wconf 89' lang='lat' dir='ltr'>libertas,</span> <span class='ocrx_word' id='word_1_153' title='bbox 1186 3086 1337 3187; x_wconf 89' lang='lat' dir='ltr'>alioquin</span> 
     </span>
     <span class='ocr_line' id='line_1_23' title="bbox 230 3200 1338 3302; baseline 0 -29"><span class='ocrx_word' id='word_1_154' title='bbox 230 3200 408 3297; x_wconf 82' lang='lat' dir='ltr'>sacrilegia</span> <span class='ocrx_word' id='word_1_155' title='bbox 433 3201 537 3287; x_wconf 89' lang='lat' dir='ltr'>liunt;</span> <span class='ocrx_word' id='word_1_156' title='bbox 567 3202 657 3302; x_wconf 91' lang='lat' dir='ltr'>quod</span> <span class='ocrx_word' id='word_1_157' title='bbox 682 3203 853 3301; x_wconf 90' lang='lat' dir='ltr'>imponere</span> <span class='ocrx_word' id='word_1_158' title='bbox 884 3202 1122 3300; x_wconf 88' lang='lat' dir='ltr'>obligationem</span> <span class='ocrx_word' id='word_1_159' title='bbox 1148 3202 1234 3275; x_wconf 88' lang='lat' dir='ltr'>ritus</span> <span class='ocrx_word' id='word_1_160' title='bbox 1260 3201 1338 3275; x_wconf 90' lang='lat' dir='ltr'>reli-</span> 
     </span>
     <span class='ocr_line' id='line_1_24' title="bbox 229 3316 1333 3418; baseline 0.003 -31"><span class='ocrx_word' id='word_1_161' title='bbox 229 3317 316 3412; x_wconf 82' lang='lat' dir='ltr'>giosi</span> <span class='ocrx_word' id='word_1_162' title='bbox 342 3316 426 3389; x_wconf 84' lang='lat' dir='ltr'>soret</span> <span class='ocrx_word' id='word_1_163' title='bbox 451 3333 565 3391; x_wconf 85' lang='lat' dir='ltr'>eontra</span> <span class='ocrx_word' id='word_1_164' title='bbox 590 3317 776 3392; x_wconf 90' lang='lat' dir='ltr'>libertatem</span> <span class='ocrx_word' id='word_1_165' title='bbox 802 3319 1050 3406; x_wconf 82' lang='lat' dir='ltr'>conscientiae;</span> <span class='ocrx_word' id='word_1_166' title='bbox 1079 3332 1111 3391; x_wconf 91' lang='lat' dir='ltr'>et</span> <span class='ocrx_word' id='word_1_167' title='bbox 1136 3319 1183 3392; x_wconf 84' lang='lat' dir='ltr'>ita</span> <span class='ocrx_word' id='word_1_168' title='bbox 1208 3343 1333 3418; x_wconf 91' lang='lat' dir='ltr'>porr0;</span> 
     </span>
     <span class='ocr_line' id='line_1_25' title="bbox 229 3434 1331 3535; baseline 0.001 -32"><span class='ocrx_word' id='word_1_169' title='bbox 229 3458 308 3504; x_wconf 92' lang='lat' dir='ltr'>nam</span> <span class='ocrx_word' id='word_1_170' title='bbox 341 3434 458 3506; x_wconf 91' lang='lat' dir='ltr'>eadem</span> <span class='ocrx_word' id='word_1_171' title='bbox 483 3436 633 3508; x_wconf 86' lang='lat' dir='ltr'>crambes</span> <span class='ocrx_word' id='word_1_172' title='bbox 658 3435 760 3508; x_wconf 89' lang='lat' dir='ltr'>variis</span> <span class='ocrx_word' id='word_1_173' title='bbox 786 3436 897 3509; x_wconf 91' lang='lat' dir='ltr'>modis</span> <span class='ocrx_word' id='word_1_174' title='bbox 923 3462 1054 3535; x_wconf 90' lang='lat' dir='ltr'>semper</span> <span class='ocrx_word' id='word_1_175' title='bbox 1079 3436 1216 3508; x_wconf 87' lang='lat' dir='ltr'>iteratur</span> <span class='ocrx_word' id='word_1_176' title='bbox 1243 3437 1331 3530; x_wconf 83' lang='lat' dir='ltr'>(ll).</span> 
     </span>
    </p>
   </div>
   <div class='ocr_carea' id='block_1_6' title="bbox 226 3665 1338 4124">
    <p class='ocr_par' dir='ltr' id='par_1_7' title="bbox 228 3665 1338 3809">
     <span class='ocr_line' id='line_1_26' title="bbox 302 3665 1338 3732; baseline 0.002 -18"><span class='ocrx_word' id='word_1_177' title='bbox 302 3665 335 3727; x_wconf 79' lang='grc'>(5)</span> <span class='ocrx_word' id='word_1_178' title='bbox 354 3668 464 3716; x_wconf 80' lang='lat' dir='ltr'>Camere</span> <span class='ocrx_word' id='word_1_179' title='bbox 482 3666 525 3717; x_wconf 82' lang='lat' dir='ltr'>dei</span> <span class='ocrx_word' id='word_1_180' title='bbox 541 3667 673 3730; x_wconf 76' lang='lat' dir='ltr'>deputati.</span> <span class='ocrx_word' id='word_1_181' title='bbox 685 3668 790 3718; x_wconf 83' lang='lat' dir='ltr'>Tornata</span> <span class='ocrx_word' id='word_1_182' title='bbox 806 3668 846 3718; x_wconf 91' lang='lat' dir='ltr'>del</span> <span class='ocrx_word' id='word_1_183' title='bbox 862 3667 1187 3732; x_wconf 62' lang='lat' dir='ltr'>absumisabsumis</span> <span class='ocrx_word' id='word_1_184' title='bbox 1204 3678 1270 3730; x_wconf 78' lang='lat' dir='ltr'>segg.</span> <span class='ocrx_word' id='word_1_185' title='bbox 1280 3667 1338 3717; x_wconf 82' lang='lat' dir='ltr'>item</span> 
     </span>
     <span class='ocr_line' id='line_1_27' title="bbox 228 3744 827 3809; baseline 0 -15"><span class='ocrx_word' id='word_1_186' title='bbox 228 3745 334 3794; x_wconf 76' lang='lat' dir='ltr'>seruata</span> <span class='ocrx_word' id='word_1_187' title='bbox 343 3744 382 3794; x_wconf 87' lang='lat' dir='ltr'>dei</span> <span class='ocrx_word' id='word_1_188' title='bbox 394 3752 417 3794; x_wconf 82' lang='lat'>2.</span> <span class='ocrx_word' id='word_1_189' title='bbox 428 3746 516 3808; x_wconf 84' lang='lat' dir='ltr'>Luglio</span> <span class='ocrx_word' id='word_1_190' title='bbox 527 3759 581 3809; x_wconf 82' lang='lat' dir='ltr'>pag.</span> <span class='ocrx_word' id='word_1_191' title='bbox 592 3753 638 3796; x_wconf 82' lang='grc'>655</span> <span class='ocrx_word' id='word_1_192' title='bbox 650 3759 715 3809; x_wconf 72' lang='lat' dir='ltr'>segg.</span> <span class='ocrx_word' id='word_1_193' title='bbox 723 3747 769 3796; x_wconf 85' lang='lat' dir='ltr'>eto.</span> <span class='ocrx_word' id='word_1_194' title='bbox 781 3747 827 3796; x_wconf 82' lang='lat' dir='ltr'>ete.</span> 
     </span>
    </p>

    <p class='ocr_par' dir='ltr' id='par_1_8' title="bbox 226 3823 1335 3953">
     <span class='ocr_line' id='line_1_28' title="bbox 300 3823 1335 3889; baseline 0.002 -17"><span class='ocrx_word' id='word_1_195' title='bbox 300 3823 334 3884; x_wconf 84' lang='grc'>(9)</span> <span class='ocrx_word' id='word_1_196' title='bbox 349 3825 444 3873; x_wconf 83' lang='lat' dir='ltr'>senato</span> <span class='ocrx_word' id='word_1_197' title='bbox 458 3823 503 3874; x_wconf 84' lang='lat' dir='ltr'>del</span> <span class='ocrx_word' id='word_1_198' title='bbox 521 3836 610 3889; x_wconf 67' lang='lat' dir='ltr'>rayno.</span> <span class='ocrx_word' id='word_1_199' title='bbox 622 3826 729 3875; x_wconf 80' lang='lat' dir='ltr'>‘tornata</span> <span class='ocrx_word' id='word_1_200' title='bbox 739 3824 779 3876; x_wconf 85' lang='lat' dir='ltr'>dei</span> <span class='ocrx_word' id='word_1_201' title='bbox 792 3832 829 3876; x_wconf 85' lang='lat'>15.</span> <span class='ocrx_word' id='word_1_202' title='bbox 840 3825 896 3875; x_wconf 86' lang='lat' dir='ltr'>Die.</span> <span class='ocrx_word' id='word_1_203' title='bbox 910 3831 977 3876; x_wconf 78' lang='lat'><strong>1852.</strong></span> <span class='ocrx_word' id='word_1_204' title='bbox 988 3825 1095 3876; x_wconf 79' lang='lat' dir='ltr'>Tornata</span> <span class='ocrx_word' id='word_1_205' title='bbox 1106 3824 1147 3876; x_wconf 91' lang='lat' dir='ltr'>del</span> <span class='ocrx_word' id='word_1_206' title='bbox 1164 3832 1202 3877; x_wconf 82' lang='lat'>16.</span> <span class='ocrx_word' id='word_1_207' title='bbox 1212 3825 1335 3877; x_wconf 87' lang='lat' dir='ltr'>Dieembr.</span> 
     </span>
     <span class='ocr_line' id='line_1_29' title="bbox 226 3901 676 3953; baseline 0.002 -2"><span class='ocrx_word' id='word_1_208' title='bbox 226 3903 334 3952; x_wconf 71' lang='lat' dir='ltr'>tornata</span> <span class='ocrx_word' id='word_1_209' title='bbox 343 3901 383 3952; x_wconf 89' lang='lat' dir='ltr'>dei</span> <span class='ocrx_word' id='word_1_210' title='bbox 394 3909 430 3952; x_wconf 78' lang='lat'>18.</span> <span class='ocrx_word' id='word_1_211' title='bbox 437 3902 561 3952; x_wconf 86' lang='lat' dir='ltr'>Dieembr.</span> <span class='ocrx_word' id='word_1_212' title='bbox 573 3905 620 3952; x_wconf 81' lang='lat' dir='ltr'>ete.</span> <span class='ocrx_word' id='word_1_213' title='bbox 629 3905 676 3953; x_wconf 87' lang='lat' dir='ltr'>ete.</span> 
     </span>
    </p>

    <p class='ocr_par' dir='ltr' id='par_1_9' title="bbox 298 3980 836 4045">
     <span class='ocr_line' id='line_1_30' title="bbox 298 3980 836 4045; baseline 0.002 -14"><span class='ocrx_word' id='word_1_214' title='bbox 298 3981 348 4043; x_wconf 79' lang='grc' dir='ltr'>(ιο)</span> <span class='ocrx_word' id='word_1_215' title='bbox 364 3981 518 4032; x_wconf 83' lang='lat' dir='ltr'>Tornatadei</span> <span class='ocrx_word' id='word_1_216' title='bbox 532 3989 568 4032; x_wconf 83' lang='lat'>16.</span> <span class='ocrx_word' id='word_1_217' title='bbox 581 3980 703 4033; x_wconf 85' lang='lat' dir='ltr'>Dioonrbr.</span> <span class='ocrx_word' id='word_1_218' title='bbox 716 3995 770 4045; x_wconf 82' lang='lat' dir='ltr'>pag.</span> <span class='ocrx_word' id='word_1_219' title='bbox 786 3989 836 4032; x_wconf 84' lang='lat'>189.</span> 
     </span>
    </p>

    <p class='ocr_par' dir='ltr' id='par_1_10' title="bbox 297 4059 487 4124">
     <span class='ocr_line' id='line_1_31' title="bbox 297 4059 487 4124; baseline 0 -13"><span class='ocrx_word' id='word_1_220' title='bbox 297 4059 347 4124; x_wconf 86' lang='lat' dir='ltr'>(tr)</span> <span class='ocrx_word' id='word_1_221' title='bbox 364 4063 422 4113; x_wconf 84' lang='lat' dir='ltr'>Loe.</span> <span class='ocrx_word' id='word_1_222' title='bbox 434 4061 487 4114; x_wconf 76' lang='lat' dir='ltr'>citt.</span> 
     </span>
    </p>
   </div>
   <div class='ocr_carea' id='block_1_7' title="bbox 0 0 1440 5062">
    <p class='ocr_par' dir='ltr' id='par_1_11' title="bbox 0 0 1440 5062">
     <span class='ocr_line' id='line_1_32' title="bbox 0 0 1440 5062; baseline 0 2"><span class='ocrx_word' id='word_1_223' title='bbox 0 0 1440 5062; x_wconf 95' lang='lat' dir='ltr'> </span> 
     </span>
    </p>
   </div>
  </div>
 </body>
</html>
