2872 5062
323 318 400 404 'cin
415 353 449 402 u.
463 352 502 400 ou
521 353 615 402 unrn.
632 353 695 404 civ.
719 353 803 402 onru.
822 354 858 402 rr
881 354 1113 405 eruanimi.
1219 336 1286 407 ios

174 469 340 557 trimonii,
368 487 400 544 et
426 470 639 571 nuptiarum,
669 470 691 541 l.
716 474 775 542 10.
798 472 853 542 boc
880 474 930 543 ni.
953 488 982 543 ct
1007 474 1118 553 Instit.
1143 475 1180 546 de
1194 493 1286 572 potr.
1374 566 1381 573 Α

167 601 237 684 pot.
259 612 301 658 ex
326 594 394 684 quo
419 585 491 658 loco
516 585 617 658 etiam
644 585 851 658 consortium
876 587 986 659 omnis
1013 587 1102 668 ritae
1128 587 1291 688 interpre-

171 703 236 775 tari
263 701 364 789 licet,
391 700 602 774 individuam
627 701 722 774 vitae
740 701 1041 789 consuetudinem,
1079 705 1170 802 quod
1203 705 1289 788 vitae

172 818 385 904 societatem,
406 817 468 913 lap.
488 819 664 888 Sirenum.
682 817 731 887 De
748 844 782 887 rc
805 817 874 888 ind.
887 816 911 888 l.
931 820 965 888 i.
983 818 1059 889 Ber.
1080 833 1179 890 untot.
1198 821 1289 919 quod

170 932 447 1007 dliournassaeus
478 918 550 1003 iusi
573 920 719 1025 nonni
745 919 952 1003 συνελθεῖν
978 918 1104 1027 τύχῃ,
1131 934 1189 1006 ubi
1208 956 1290 1009 uxoss

169 1074 240 1123 rom
264 1048 367 1121 etiam
392 1046 473 1120 iacit
489 1031 673 1117 uenturis
703 1033 888 1118 inntens
913 1035 1124 1145 χρημάτων
1150 1071 1189 1118 ra
1219 1039 1282 1119 nul

171 1153 307 1264 inpiis,
334 1163 423 1236 idest
446 1189 614 1235 suenorum
638 1165 776 1246 socium,
807 1172 907 1261 quam
933 1164 1058 1250 divini,
1086 1182 1119 1260 et
1145 1165 1285 1238 humani

169 1280 257 1352 inuis
280 1281 604 1351 comminutionem
629 1278 837 1352 Modestinus
861 1297 973 1366 vocat,
995 1296 1027 1352 et
1048 1281 1130 1381 imp.
1148 1281 1288 1354 Gordia-

170 1421 234 1468 nus
248 1393 409 1468 similiter
425 1393 554 1466 sociam
573 1395 621 1466 rei
645 1394 829 1480 humanae,
850 1411 951 1494 atquc
969 1394 1122 1482 divinae,
1148 1397 1288 1475 domum

170 1511 300 1609 suscipi
320 1512 390 1606 (8)
407 1511 468 1582 Est
484 1525 595 1582 autem
612 1510 728 1584 titulus
747 1511 803 1583 hio
819 1513 868 1582 De
885 1514 953 1584 ritu
970 1514 1176 1609 nuptiarum,
1198 1514 1288 1612 quod

168 1625 361 1726 pontificale
381 1625 522 1700 verbum
539 1642 609 1712 est3
630 1653 709 1699 nam
726 1644 760 1699 et
776 1655 863 1726 quas
889 1627 941 1700 las
967 1644 1057 1701 esset
1082 1629 1181 1715 duci,
1204 1654 1288 1726 pon-

169 1741 298 1814 tificum
324 1741 493 1814 notionem
517 1741 625 1814 luisse
651 1741 871 1838 intelligimus
897 1769 938 1814 ex
960 1741 1073 1818 Tacito
1086 1743 1113 1813 l.
1130 1757 1162 1820 et
1179 1743 1286 1820 Dione

170 1857 417 1955 xivlil.,qua
433 1856 512 1928 item
528 1856 753 1939 solemnitate,
774 1856 864 1930 velut
880 1857 1083 1931 deductione
1100 1857 1135 1929 in
1152 1856 1288 1936 domum

168 1973 303 2059 mariti,
323 1989 357 2046 ct
373 1997 498 2072 aquae,
528 1972 685 2072 ignisque
709 1972 917 2071 praelatione
933 1989 966 2046 et
983 1973 1176 2072 acceptione
1192 1977 1283 2068 (9).»

167 2087 340 2162 Hactenus
367 2088 505 2188 quidem
533 2087 687 2160 eruditus
713 2104 839 2160 auctor.
868 2089 919 2159 Ex
944 2114 1010 2186 quo
1037 2087 1204 2168 discimus
1229 2089 1283 2162 vel

166 2201 210 2274 ab
233 2202 322 2302 ipsis
346 2201 481 2299 lQibus
508 2201 656 2275 romanis
684 2202 933 2274 matrimonium
963 2218 1150 2300 spectatum
1178 2202 1285 2276 luisse

167 2319 216 2392 uti
236 2343 313 2391 >rom
337 2344 491 2405 suoram,
521 2344 560 2390 ac
585 2316 778 2414 religiosam
795 2320 868 2412 (10)
877 2374 888 2391 .,
985 2331 988 2335 ’

242 2437 312 2507 Nec
333 2435 475 2520 mirum,
503 2434 671 2533 siquidem
690 2433 733 2505 ab
756 2432 1012 2505 immemorabili
1040 2459 1143 2532 penes
1169 2459 1286 2506 omnes

166 2547 313 2648 populos
340 2575 479 2647 persae,
513 2548 711 2648 aegyptios,
744 2571 882 2642 graecos
906 2564 940 2619 et
966 2573 1121 2620 romanos
1148 2546 1286 2646 nuptiae

166 2662 232 2736 sub
262 2662 438 2760 religionis
468 2662 621 2761 auspicio
652 2661 859 2755 caelebratae
879 2677 969 2735 sunt.
993 2660 1205 2761 Quamquam
1233 2689 1286 2735 res

166 2777 345 2850 notissima
362 2778 426 2864 sit,
448 2804 488 2849 ac
504 2777 717 2850 documentis
741 2776 942 2849 certissimis
960 2776 1195 2875 comprobata,
1218 2803 1284 2849 non

168 2890 349 2965 abnuimus
368 2891 565 2990 speciminis
584 2890 702 2992 saltem
721 2892 828 2988 gratia
847 2891 1008 2964 nonnulla
1025 2891 1146 2963 allerre
1160 2891 1203 2963 ad
1221 2891 1285 2963 hu-

167 3007 223 3079 ius
237 3006 284 3079 rui
297 3007 596 3080 confirmationem.
610 3008 693 3077 Nam
712 3006 824 3078 nullae
842 3007 977 3105 nuptiae
995 3006 1177 3078 nobiliores
1196 3021 1285 3078 certe

164 3148 205 3196 ac
230 3121 400 3222 legitimae
421 3121 558 3208 fiebant,
581 3121 648 3194 nisi
667 3119 830 3194 adhibitis
856 3120 1090 3220 aruspicibus,
1121 3135 1204 3193 teste
1229 3120 1285 3191 lu-

239 3347 275 3410 (8)
290 3349 322 3397 lit
331 3347 372 3397 hio
383 3347 493 3397 abundat
504 3347 545 3396 cit.
554 3347 665 3396 cruditus
676 3350 791 3408 Senum,
807 3359 856 3395 rron
873 3345 953 3394 solum
967 3344 999 3393 ab
1009 3343 1082 3393 initio
1093 3343 1134 3393 sed
1146 3344 1219 3394 etiarn
1232 3344 1283 3394 sub

162 3430 287 3492 imperto,
300 3431 392 3478 Rornae
403 3427 544 3490 coniugium
554 3427 667 3476 habiturn
678 3427 755 3476 icisse
769 3428 897 3488 tamquam
907 3438 960 3474 rem
976 3437 1083 3484 sacram,
1096 3437 1153 3474 oum
1166 3424 1283 3487 iurispru·

162 3507 249 3559 dantia
268 3521 342 3558 suum
364 3508 520 3570 perfectionis
539 3508 633 3570 apicem
653 3508 773 3570 attigisset
790 3520 864 3570 penes
879 3519 1002 3556 romanos.

235 3586 271 3650 (9)
286 3589 336 3637 lac.
351 3587 459 3636 Cuiaccii
470 3587 607 3636 Puratttia
619 3589 647 3636 in
662 3586 742 3636 libros
752 3587 946 3650 quinquaqinta
955 3585 1048 3647 dinaei.
1059 3584 1102 3634 lib.
1115 3587 1191 3634 xxii.
1200 3585 1239 3635 tit.
1250 3586 1282 3634 ii.

160 3669 201 3718 Du
212 3669 271 3717 ritu
284 3669 410 3730 Nuptiur.
423 3666 556 3729 opponit„
567 3666 636 3715 Pario
648 3671 715 3716 1617.
726 3668 787 3715 tom.
799 3667 819 3715 1.
831 3664 879 3716 ooi.
893 3673 947 3715 aaa.

236 3745 287 3807 (iu)
303 3744 509 3807 Quandoquidem
526 3758 586 3793 voro
596 3745 725 3794 cuiaccius
741 3745 767 3792 in
781 3744 824 3793 cit
836 3745 885 3793 loc.
896 3743 1107 3794 solumindioavit
1118 3742 1282 3792 textusTociti

160 3837 191 3874 ac
198 3824 300 3888 Dionis,
312 3825 356 3875 aba
367 3837 393 3874 re
403 3837 452 3873 non
463 3825 509 3874 erit
519 3825 573 3874 heic
583 3825 692 3888 ipsorum
703 3825 778 3874 rerba
788 3824 934 3875 describere.
944 3825 986 3873 Sic
994 3823 1176 3886 igiturTacitus
1184 3822 1280 3871 innui.
1293 3865 1296 3872 ,

163 3903 209 3953 iio.
220 3904 242 3953 i.
253 3902 404 3966 todugmti
422 3903 562 3953 tinmiutarn
580 3903 669 3966 agundi
685 3903 806 3953 rationem
819 3904 911 3966 aperit,
923 3903 1021 3952 diceas:
1040 3901 1172 3952 «Abducta
1180 3900 1285 3950 Neronis

159 3994 237 4031 uxor:
250 3983 277 4032 at
290 3982 408 4032 somniet
422 3995 473 4045 per
494 3982 643 4033 ludibrium
660 3982 810 4045 pontifices,
822 3995 854 4032 au
863 3986 995 4046 concepto,
1007 3994 1039 4032 ne
1048 3982 1109 4030 durn
1119 3978 1185 4030 edito
1196 3979 1281 4041 partu,

159 4064 213 4112 rttc
222 4062 360 4112 nuberet.»
368 4065 422 4112 Non
430 4061 464 4112 ad
474 4065 587 4114 senatum
596 4065 720 4126 Augustus
728 4077 756 4113 se
766 4063 841 4114 vertit
851 4063 877 4112 in
885 4075 960 4114 cama
967 4061 1088 4123 coniugii,
1099 4057 1142 4108 aad
1154 4058 1186 4108 ad
1202 4058 1283 4121 ponti·-

159 4141 228 4191 iioes.
238 4140 357 4191 Eamdem
365 4140 502 4203 iisdemque
516 4152 578 4204 pena
592 4142 674 4192 verbis
691 4154 742 4192 rem
760 4143 834 4193 refert
850 4142 914 4192 Dior
929 4140 1107 4191 cassiusflisi.
1118 4137 1161 4187 lib.
1171 4138 1283 4187 xnvliit

156 4233 182 4268 n.
191 4223 233 4270 tt.
243 4220 397 4283 ndmbigeuti
406 4222 506 4271 cassan
515 4235 544 4270 ac
554 4223 701 4272 concitanti
713 4235 730 4272 n
737 4221 909 4285 pontificibus
917 4221 955 4270 ias
964 4233 994 4270 ne
1003 4218 1051 4269 sibi
1062 4219 1137 4279 emet,
1149 4229 1204 4267 eam
1213 4229 1281 4279 praa·

157 4302 274 4358 ananum
286 4299 392 4364 ducere,
406 4314 550 4364 responsum
561 4303 598 4351 est
609 4303 672 4350 etot»
