2872 5062
160 351 234 423 lli
365 368 428 422 us.
449 372 473 421 r.
495 369 581 424 saur.
603 372 626 422 r.
647 371 688 422 nr
706 370 839 424 mrmn.
860 368 1078 426 erumnarum.

160 491 233 565 rali‘
248 490 336 563 inter
354 505 606 590 protoparentes
631 489 776 589 primum
801 489 904 576 inito,
931 489 1093 590 quodque
1115 513 1279 589 magnum

159 623 212 680 ost
233 622 480 681 sacramentam
506 606 543 678 in
569 604 704 679 Christo
728 621 762 679 et
786 605 822 677 in
847 603 1006 679 ecelesia.

232 721 283 794 Ad
308 737 421 821 patres
448 745 527 795 vero
552 720 644 820 quod
670 719 807 808 attinet,
834 720 984 794 uidimus
1014 745 1073 794 sos
1098 720 1283 796 unanimes

159 863 238 912 esse
259 863 336 910 oum
361 835 506 911 eeclesia
535 834 722 922 catholiea,
751 835 786 907 in
811 834 1027 909 admittendis
1052 834 1102 908 uti
1127 834 1279 924 ualidis,

93 1028 95 1032 .
159 953 224 1027 etsi
237 951 381 1040 illinitis,
397 950 574 1026 connubiis
587 950 777 1024 clanculum
790 950 985 1038 celebratis,
1002 950 1082 1023 etin
1094 959 1284 1048 agnoscen-

160 1067 394 1154 dissonando,
414 1064 512 1140 tertio
522 1066 705 1140 alteriusve
723 1066 875 1166 repetitis
888 1065 1016 1165 nuptiis
1027 1067 1186 1166 quamvis
1204 1067 1283 1142 eino

159 1181 393 1256 benedictione
417 1180 615 1256 saosrdotali
640 1181 816 1273 inirentur.
833 1183 907 1255 Non
931 1197 1110 1280 potuerant
1136 1181 1283 1281 proinde

158 1297 326 1372 eiusmodi
340 1297 509 1372 manubia
522 1296 571 1370 uti
585 1312 795 1371 sacramenta
806 1297 994 1385 admittere,
1004 1297 1089 1397 quin
1106 1312 1282 1397 tamquam

160 1413 334 1501 ministres
351 1413 556 1504 matrimonii
575 1401 794 1511 agnoscerent
810 1412 904 1512 ipsos
920 1412 1168 1487 eontrahentes.
1182 1413 1281 1488 Fessi

160 1544 336 1629 propterea
356 1533 440 1603 'sunt
463 1529 551 1603 laeto
576 1529 651 1628 ipso
672 1527 942 1602 benedietionem
969 1544 1166 1628 oeterosqne
1191 1529 1278 1604 ritus

159 1642 252 1719 haud
272 1660 425 1747 smotare
436 1644 480 1718 ad
493 1645 694 1719 sacramenti
711 1643 916 1731 essentiam,
936 1643 1041 1744 idque
1056 1643 1282 1719 confirmante

159 1759 303 1835 eeclesia
327 1760 405 1860 ipsa
428 1786 563 1861 semper
585 1774 619 1834 et
639 1759 768 1859 ubique
793 1759 890 1858 praxi
913 1784 989 1832 sua.
1124 1763 1127 1770 '

231 1875 300 1947 Neo
328 1874 442 1948 minus
468 1873 615 1947 solidum
643 1890 695 1947 est
720 1888 972 1971 argumentum,
1001 1873 1093 1974 quod
1119 1873 1282 1973 suppedi-

161 2003 233 2061 tant
259 1988 458 2085 euchologia
481 2003 516 2062 et
539 1987 677 2063 rituales
709 1986 786 2060 libri
811 1989 989 2088 utriusque
1021 1986 1212 2076 eeclesiae,
1244 1987 1283 2060 in

160 2100 285 2202 quihus
302 2102 426 2203 pariter
442 2102 591 2177 vidimus
609 2103 701 2176 haud
719 2102 859 2203 reperiri
876 2102 979 2176 uerba
995 2101 1072 2190 illa,
1093 2127 1181 2200 quae
1198 2127 1282 2176 oon·

159 2217 281 2291 trariae
305 2218 491 2292 sententiae
515 2216 662 2316 theologi
688 2215 813 2291 vellent
836 2217 1041 2291 constituere
1059 2231 1099 2290 ut
1116 2216 1279 2305 formam,

159 2359 262 2433 quam
285 2333 444 2408 saeerdos
469 2333 625 2408 minister
657 2334 885 2434 pronunciet:
915 2334 989 2432 Ego
1011 2359 1068 2406 eos
1093 2335 1281 2430 ooniunpo;

160 2446 221 2522 sed
239 2473 349 2546 nsque
373 2447 622 2548 aequivalentia
639 2448 806 2523 habentur
820 2447 890 2522 ullo
906 2448 1020 2524 modo.
1035 2447 1124 2521 Fieri
1139 2447 1283 2548 pminds

160 2562 296 2662 nequit,
310 2576 349 2636 ut
360 2561 396 2633 in
409 2561 478 2649 his,
495 2578 554 2635 aut
565 2561 736 2636 similibus
749 2561 862 2636 verbis
879 2563 1020 2636 sormam
1037 2587 1279 2660 agnoscamus.

233 2676 327 2749 ldem
349 2675 445 2750 dicas
463 2675 507 2750 de
523 2693 738 2774 argumento,
765 2678 857 2778 quod
882 2678 1045 2777 praebent
1063 2678 1283 2752 oecumenica

162 2791 305 2867 oonoilia
328 2791 541 2866 lateranense
563 2795 623 2866 111.
644 2795 859 2868 florentinum
877 2820 916 2868 ao
933 2794 1174 2883 tridentinum,
1194 2819 1285 2894 quae

159 2908 274 2982 omnio
286 2934 353 2982 nen
366 2907 459 2982 aliud
477 2910 652 3009 requirunt
663 2911 870 2984 ¹elementum
887 2926 1019 3011 praeter
1034 2925 1189 2983 mutuum
1206 2935 1284 2984 con·

159 3023 362 3099 tralremmm
380 3051 583 3100 consensum
601 3025 646 3100 ad
662 3044 909 3101 sacramentum
930 3025 1134 3100 matrimonii
1155 3025 1285 3101 consti-

160 3141 333 3215 tuendum.
351 3143 422 3238 lmo
443 3169 521 3216 eum
542 3141 763 3216 tridentinum
790 3143 854 3216 sub
880 3141 1107 3217 anathematis
1128 3141 1283 3216 intermi-

159 3261 294 3330 natione
311 3258 465 3332 statuerit
477 3259 634 3358 coniugia
651 3258 875 3347 clandestina,
891 3258 1055 3359 quamdiu
1072 3282 1140 3332 non
1158 3256 1285 3331 fuerint

159 3370 204 3444 ab
226 3371 371 3445 eeclesia
396 3373 491 3447 irrita
515 3375 626 3462 faeta,
662 3401 741 3448 vero
766 3400 807 3448 ao
830 3389 907 3448 rato
923 3400 1008 3460 ,esse
1039 3372 1279 3459 matrimonio,

160 3485 323 3587 hoo'ipso
346 3488 529 3564 declaravit
555 3517 596 3564 ea
620 3517 800 3565 asserere
833 3504 1067 3577 sacramenta,
1096 3504 1199 3588 pmut
1228 3514 1284 3563 eo-

160 3600 351 3677 elesiastioa
369 3603 529 3703 loquendi
547 3606 632 3679 ratio
648 3606 771 3704 exigit,
786 3621 820 3680 et
832 3604 1002 3705 conceptis
1019 3603 1133 3679 verbis
1151 3631 1182 3679 s.
1194 3602 1285 3680 'lho-

160 3743 234 3792 mas
259 3718 425 3821 expressit
447 3746 523 3794 oum
549 3721 691 3822 reliquis
717 3721 930 3797 scholasticis
949 3719 1128 3794 omnibus

232 3835 288 3910 Sio
298 3836 400 3910 etiam
411 3836 628 3911 ineluctabile
639 3852 691 3911 est
702 3853 946 3936 argumentum,
959 3835 1051 3937 quod
1063 3860 1106 3907 ex
1117 3833 1288 3909 eeclesiae

160 3975 200 4024 ae
212 3951 305 4025 sedis
317 3951 522 4054 apostolieae
535 3953 656 4051 agendi
671 3953 800 4028 ratione
812 3953 1011 4028 desumitur.
1024 3952 1110 4024 Nam
1122 3947 1167 4024 ab
1178 3949 1284 4024 eoele-

159 4065 214 4140 sia
225 4067 314 4141 etab
326 4067 513 4170 apostoliea
530 4069 614 4144 sede
633 4085 806 4171 tamqnam
826 4095 907 4144 uera
924 4065 1099 4164 coniugia,
1128 4066 1284 4166 adeoque

157 4194 330 4282 tamquam
346 4209 426 4259 vera
439 4200 652 4260 sacramenta
677 4198 828 4284 spectata
848 4198 948 4272 sunt,
964 4206 1052 4282 quae
1073 4180 1150 4255 sine
1169 4205 1286 4256 eaeor*

156 4294 246 4373 dotis
267 4301 457 4401 praesentia
477 4327 539 4401 per
561 4300 814 4378 renovationem
839 4325 1047 4385 consensus,
1075 4296 1158 4371 dum
1184 4295 1281 4396 prins
