2872 5062
206 317 274 390 348
405 342 467 392 un.
488 343 512 392 r.
534 341 620 392 seer.
642 344 773 394 urrann.
795 345 835 394 nn
853 345 986 397 rrurmrr.
1002 347 1109 398 euru.

204 462 390 536 libertatem
418 476 594 560 exoptant,
615 476 652 534 ut
670 461 776 535 libere
796 463 931 552 vivant,
954 480 1012 538 aut
1032 466 1067 538 in
1085 465 1315 544 indifferentia

201 581 314 680 quiete
332 579 468 676 degant,
486 593 522 651 ut
536 578 570 650 id
584 578 683 652 liceat
702 579 791 677 quod
812 578 904 653 libet.
928 579 972 652 Hi
997 581 1129 656 similes
1148 601 1228 658 sunt
1242 612 1316 683 per·

201 697 309 771 versis
326 694 394 767 illis
412 694 564 781 induem,
586 695 665 793 qui,
685 721 761 767 cum
778 695 813 765 in
830 722 909 769 vera
934 695 1096 793 religione
1117 698 1231 772 adhuc
1249 701 1313 776 llo-

202 828 294 886 rente
303 809 484 909 tranquille
492 808 908 909 quiescerent‚libertatem
921 810 1150 887 eonscientiae
1158 813 1225 886 sibi
1240 815 1313 889 dari

201 928 369 1028 petierunt
380 942 418 998 ut
430 953 451 999 a
463 925 536 1022 lege
548 925 697 998 mosaica
710 924 901 998 recederent
914 954 922 1012 ;
934 927 995 998 nln
1008 925 1130 1002 diebus
1144 928 1214 1002 illis
1226 932 1314 1004 exia-

200 1061 279 1118 runt
295 1070 336 1117 ex
356 1041 462 1116 lsrael
475 1041 537 1112 filii
550 1040 673 1139 iniqui,
690 1056 723 1114 et
735 1058 915 1115 suaserunt
927 1042 1056 1129 multis,
1073 1043 1243 1119 dicentes:
1261 1073 1313 1120 ea·

200 1188 275 1235 mus
286 1176 319 1235 et
330 1160 550 1259 disponamus
563 1171 798 1230 testamentum
820 1176 897 1230 cum
918 1158 1094 1255 gentibus,
1116 1186 1206 1258 qnae
1221 1162 1312 1236 circa

200 1303 263 1352 nos
278 1291 456 1350 sunt....et
467 1274 578 1347 bonus
588 1274 685 1347 visus
697 1288 750 1347 est
762 1300 872 1347 sermo
886 1274 920 1345 in
932 1274 1040 1347 oculis
1057 1301 1185 1348 eorum.
1197 1277 1243 1351 Et
1253 1278 1312 1351 de-

197 1393 408 1467 stinavemnt
420 1391 526 1489 aliqui
539 1390 582 1462 de
595 1389 736 1489 populo,
753 1405 786 1462 et
799 1389 954 1462 abierunt
966 1389 1009 1462 ad
1024 1417 1150 1488 regem:
1167 1409 1202 1466 et
1222 1393 1312 1487 dedit

198 1509 270 1582 iltis
291 1520 482 1606 potestatem
498 1520 535 1577 ot
551 1506 694 1603 facerent
710 1506 872 1577 iustitiam
887 1507 1048 1602 pontium,
1065 1522 1098 1578 et
1111 1506 1311 1584 aedificave-

198 1636 278 1696 runt
289 1619 503 1720 gymnasium
521 1617 708 1691 secundum
725 1617 818 1715 leges
836 1618 1009 1692 nationum
1033 1621 1148 1715 (16).»
1169 1623 1238 1695 Rex
1260 1651 1310 1698 as

197 1763 321 1813 sensus
341 1753 410 1825 est,
431 1736 533 1808 immo
553 1733 684 1807 «iussit
700 1734 870 1807 aedificari
896 1760 974 1808 aras
995 1750 1030 1808 et
1046 1736 1172 1835 templa
1193 1742 1307 1834 (ll).»

196 1854 252 1927 Sic
265 1853 321 1927 isti
335 1849 604 1952 pseudopolitici
626 1849 800 1947 religionis
819 1849 1004 1923 catholicae
1024 1853 1192 1949 pertaesi,
1212 1854 1309 1929 dese-

195 1983 307 2043 rentes
332 1968 486 2041 instituta
515 1965 680 2040 maiorum
709 1965 856 2038 inierunt
884 1965 1003 2039 loedus
1032 1991 1109 2039 cum
1138 1967 1310 2043 vuldensi·

194 2085 260 2160 bus
278 2083 542 2184 genevensibus,
566 2082 777 2178 hugonottis,
806 2081 993 2178 anglicanis
1018 2080 1165 2182 aliisque
1190 2084 1309 2160 baere-

195 2201 290 2289 ticis,
318 2227 488 2274 unacum
513 2199 651 2273 secretis
677 2197 845 2298 quibusve
869 2199 992 2284 sectis,
1014 2224 1158 2296 quarum
1182 2226 1308 2301 scopus

194 2333 246 2391 est
275 2344 409 2392 omnem
445 2316 639 2414 religionem
672 2314 852 2387 revelatam
886 2313 1079 2400 destruere,
1117 2312 1307 2390 libertatem

192 2433 420 2506 conscientiae
444 2430 695 2529 proclamarunt
708 2430 759 2502 ad
785 2429 983 2528 turpissima
1008 2428 1122 2502 omnia
1158 2429 1306 2505 facinora

193 2549 331 2646 impune
345 2546 580 2645 perpetranda.
598 2546 735 2645 Templa
754 2545 1018 2645 protestantibus
1033 2562 1225 2635 erexerunt,
1241 2547 1306 2621 bel·

191 2661 261 2734 lum
287 2662 474 2735 excitarunt
493 2661 656 2735 adversus
683 2660 878 2760 religionem
896 2660 1113 2748 catholicam,
1134 2676 1170 2735 at
1188 2662 1305 2737 adver·

191 2804 251 2851 sus
271 2804 444 2853 romanam
462 2778 595 2865 sedem,
615 2793 730 2876 utpote
757 2779 865 2852 solam
887 2777 995 2850 divini
1020 2776 1167 2876 depositi
1194 2795 1304 2854 custo

188 2895 266 2969 dem
279 2910 380 2995 atque
393 2894 563 2981 tutricem;
580 2894 790 2992 exagitarunt
802 2908 968 2993 quotquot
981 2892 1099 2966 fideles
1117 2893 1304 2969 catholicae

189 3009 353 3083 ecclesiae
384 3009 639 3096 observatores,
670 3009 809 3107 verique
833 3007 894 3082 llei
927 3006 1071 3081 cultores
1105 3023 1302 3107 repererunt

189 3143 248 3200 aut
272 3127 460 3225 reperiunt,
491 3125 556 3199 sub
579 3125 705 3225 bisque
726 3123 889 3223 auspiciis
913 3122 1102 3198 libertatem
1128 3126 1302 3223 coniugio·

190 3268 264 3313 rum
291 3242 466 3314 adstruere
491 3239 643 3338 aggressi
670 3255 759 3313 sunt.

265 3359 387 3430 Tertio.
405 3356 466 3431 Ast
483 3356 666 3431 cohaerent
678 3382 720 3427 ne
734 3353 800 3427 sibi
818 3353 875 3427 isti
892 3353 1056 3426 libertatis
1073 3354 1302 3428 conscientiae

187 3470 360 3545 absolutae
385 3488 570 3546 assertores
588 3487 621 3544 et
636 3469 818 3545 vindices?
839 3468 937 3542 Nullo
951 3469 1062 3543 modo.
1080 3470 1166 3542 Nam
1182 3470 1220 3541 hi
1233 3470 1298 3569 ipsi

185 3603 276 3676 sunt,
300 3588 359 3686 qui
377 3588 564 3661 iuramenta
577 3588 713 3684 exigunt
724 3602 759 3658 ct
771 3586 949 3684 imponunt
965 3585 1097 3685 quoties
1112 3585 1147 3658 id
1161 3586 1230 3659 sibi
1244 3609 1297 3661 su·

185 3705 282 3804 isque
294 3704 436 3801 negotiis
450 3704 607 3804 expedire
620 3702 835 3775 arbitrantur.
855 3701 1093 3775 lusiurandum
1108 3700 1297 3797 exiguntab

183 3820 340 3894 omnibus
358 3820 401 3893 ad
419 3822 585 3892 Stotutum
607 3818 750 3891 lideliter
767 3816 983 3905 servandum,
1002 3831 1104 3916 atque
1118 3817 1153 3888 in
1167 3842 1231 3890 sua
1246 3817 1297 3888 in-

183 3936 334 4033 tegritate
347 3936 623 4021 custodiendum,
640 3933 837 4006 nominatim
851 3932 894 4005 ab
908 3933 963 4020 iis,
981 3957 1067 4032 quos
1081 3931 1294 4032 publicisne

181 4051 281 4148 gotiis
303 4051 521 4151 praeficiunt;
544 4065 736 4149 expetunta
751 4048 896 4150 publicis
912 4047 1166 4147 magistratibus
1178 4073 1220 4124 ac
1233 4045 1292 4120 mi-

251 4256 301 4320 ne)
317 4257 338 4307 1.
353 4256 465 4307 unum.
476 4259 495 4308 1.
509 4262 587 4308 nu.

252 4334 303 4398 (rr)
319 4335 381 4386 rua.
399 4349 425 4386 v.
438 4343 477 4387 ro.
