2872 5062
156 351 224 423 lto
346 371 408 421 arr.
428 371 452 421 r.
471 370 559 421 srcr.
581 371 604 420 1.
626 370 665 420 nr
692 370 825 420 narnis.
848 369 1068 421 sacmrmro.

157 510 253 566 nocte
275 491 544 591 pro'rererentia
569 488 720 563 eiusdem
750 487 992 564 benedictiobis
1017 489 1053 560 in
1077 488 1271 587 virginitate

158 600 222 682 sua¹
245 623 498 707 permaneant.»
519 606 573 678 Ex·
593 603 718 705 quibus
742 604 854 678 verbis
881 604 921 677 id.
940 631 1048 678 unum
1074 604 1268 703 colligitur,

155 717 421 798 benedictionem
438 721 679 796 sacerdotalem
699 747 776 795 esse
790 748 895 794 unum
912 747 953 793 ex
971 720 1091 794 ritibus
1110 721 1145 792 in
1163 721 1272 796 eccle·

157 840 210 914 sia
234 838 387 913 adbiberi
409 836 516 911 solitis
533 838 569 910 in
587 837 733 934 coniugii
752 836 993 923 celebratione;
1015 864 1077 911 nec
1094 838 1195 911 relert
1211 866 1274 939 per

156 980 197 1028 ea
215 954 336 1042 statui,
361 969 398 1025 nt
410 979 472 1051 pro
489 952 668 1025 reverentie
691 951 918 1024 benedictionis
943 951 1051 1051 prima
1076 952 1271 1052 nuptiarum

156 1085 260 1144 noete·
275 1065 432 1166 coniuges
450 1095 488 1142 se
504 1067 712 1155 contineant,
741 1067 775 1138 in
801 1066 925 1167 quibus
951 1065 1065 1166 plures
1090 1094 1132 1139 ex
1156 1094 1272 1142 recen·

158 1187 301 1261 tionibus
324 1186 392 1260 vim
417 1184 624 1260 constituunt
649 1185 692 1258 ad
717 1185 936 1259 evincendum
971 1203 1031 1285 per
1055 1211 1129 1258 eam
1155 1186 1273 1260 matri-

157 1298 260 1374 monii
279 1316 523 1375 sacramentnm
540 1300 674 1400 perfici3
697 1315 750 1372 ast
767 1300 909 1386 frustra;
930 1299 1117 1399 siquidem,
1137 1316 1177 1374 ut
1189 1300 1274 1375 seito

158 1416 335 1515 perpendit
350 1414 558 1503 Menenius,
586 1414 726 1514 perinde
750 1430 821 1502 est,
842 1439 882 1488 ae
899 1414 929 1487 si
946 1414 1128 1489 diceretur:
1146 1443 1210 1514 pro
1227 1441 1275 1488 re·

157 1533 303 1604 verentia
326 1532 523 1605 sacramenti
547 1533 611 1627 (9).
629 1530 708 1604 Ideo
731 1556 810 1605 vero
836 1528 940 1604 solius
966 1530 1209 1605 benedictionis
1236 1531 1275 1606 lit

158 1646 341 1721 mentioin
365 1645 508 1721 concilio
531 1645 801 1743 carthaginensi,
839 1646 920 1745 quia
945 1671 1006 1744 per
1028 1670 1103 1718 eam
1128 1645 1275 1719 maxime

157 1761 335 1862 patefiebat
348 1760 551 1836 celebratum
568 1761 760 1858 coniugium
778 1761 813 1833 in
830 1760 917 1834 facie
934 1758 1111 1848 ecclesiae,
1131 1776 1274 1861 aratque

159 1875 251 1950 cordi
269 1875 412 1950 concilio
435 1875 528 1950 illam
552 1874 728 1964 extollere,
749 1903 792 1950 ne
809 1876 926 1950 fideles
952 1901 1026 1948 eam
1051 1874 1270 1973 negligerent.

159 1991 312 2066 Getarum
327 2017 369 2064 ne
380 1989 520 2065 verbum
536 1991 673 2092 quidem
689 1991 832 2066 habetur
844 1991 879 2063 in
893 1991 994 2065 allato
1011 1990 1144 2065 concilii
1162 2006 1272 2073 textu,

158 2107 231 2210 quo'
247 2108 446 2181 insinuetur
479 2133 539 2208 per
570 2107 837 2181 benedictionem
862 2107 980 2181 confici
1010 2120 1270 2181 sacramentum.

157 2223 327 2300 Laudatus
352 2223 534 2297 Martenius
555 2224 701 2303 ostendit
717 2250 842 2297 morem
861 2222 1047 2296 servandae
1065 2222 1100 2294 in
1118 2222 1275 2320 coniugio

159 2339 381 2415 continentiae
393 2367 478 2426 una,
494 2338 640 2427 duabus,
656 2339 806 2413 tribusve
823 2337 976 2412 noctibus
993 2337 1220 2412 introductum
1232 2337 1276 2412 ab

160 2454 416 2528 immemorabili
442 2455 477 2526 in
492 2454 677 2528 ¹ecclesiam
703 2454 810 2528 fuisse
828 2481 874 2527 ex
899 2453 1023 2527 Tobiae
1047 2452 1219 2552 exemplo,
1238 2468 1276 2527 ut

159 2570 203 2642 in‘
220 2569 342 2643 Tobiae
366 2569 452 2643 libro
476 2568 614 2666 legitur,
643 2594 683 2642 ao
707 2569 839 2643 diverse
870 2569 973 2642 variis
998 2568 1034 2640 in
1058 2567 1212 2642 eeclesiis
1241 2583 1276 2643 et

158 2685 302 2759 diiersis
327 2684 532 2784 temporibus
549 2710 622 2756 eam
640 2682 855 2783 disciplinam
875 2699 1040 2758 seruatam
1057 2682 1166 2757 luisse
1181 2685 1271 2781 (10).

158 2800 244 2901 llin'c
261 2803 316 2874 :et
338 2800 394 2873 bic
426 2814 535 2874 textus
570 2825 637 2874 non
666 2799 789 2874 estad
820 2826 906 2887 rem,
939 2825 979 2874 ae
1008 2797 1150 2898 proinde
1175 2825 1276 2898 sepo-

158 2917 306 2992 nendus:
347 2948 362 2955 ··
665 2924 667 2929 '
1264 2931 1267 2940 ·

232 3031 380 3107 Octavus
401 3047 453 3104 est
469 3031 600 3105 concilii
616 3031 837 3128 lugdunensis
855 3032 945 3131 apud
958 3031 1151 3104 Gratianum
1166 3030 1277 3104 onnia

156 3148 282 3220 XXXV.
308 3152 440 3248 quaest.
460 3149 493 3220 2.
511 3162 545 3221 et
558 3151 591 3219 3.
613 3147 724 3246 (apud
742 3147 871 3221 Canum
889 3161 1016 3221 tantum
1040 3149 1095 3242 3.)
1109 3161 1195 3246 cap.
1213 3148 1273 3218 19.

159 3261 269 3336 Nulli.
279 3262 343 3333 an
360 3263 492 3361 concilii
508 3277 635 3363 textum
647 3291 692 3335 :.«
702 3262 791 3335 Nulli
805 3289 845 3336 ex
857 3262 1108 3361 propinquitate
1126 3260 1182 3334 sui
1200 3286 1276 3335 aaa·

159 3378 275 3475 guinis
295 3405 405 3478 usque
422 3378 465 3452 ad
484 3379 662 3477 septimum
687 3379 828 3476 gradum
853 3403 974 3452 uxores
999 3376 1143 3451 ducant:
1164 3403 1277 3478 neque

161 3493 238 3589 sine
261 3493 494 3591 benedictione
518 3495 720 3568 sacerdotis·¹
735 3494 800 3580 Qui
825 3509 936 3568 autem
961 3492 1100 3593 nupturi
1117 3508 1236 3581 erunt,
1256 3519 1276 3566 a

159 3607 335 3682 sacerdote
358 3608 524 3681 benedicti
548 3608 676 3682 nubere
696 3608 865 3708 audeant.
929 3634 991 3682 nec
1014 3606 1110 3687 aliter
1122 3625 1275 3708 'praesu-

157 3740 286 3797 mant.»
304 3725 431 3823 Nempe
448 3723 606 3797 iubentur
630 3722 756 3796 nubere
775 3723 809 3795 in
827 3722 912 3796 lacia
935 3722 1115 3811 ecclesiae,
1136 3738 1173 3796 et
1189 3710 1275 3794 nibil

158 3837 320 3939 amplius.
346 3839 429 3911 Cum
455 3839 558 3936 igitur
581 3865 647 3911 non
673 3837 765 3911 aliud
791 3853 898 3912 textus
924 3839 980 3912 bic
1005 3838 1194 3937 significet,
1223 3863 1277 3913 se-

158 3954 337 4054 ponendus
368 3969 402 4028 et
425 3955 511 4052 ipse'
525 3969 588 4027 est.
1259 3943 1266 3987 ³

157 4195 178 4221 -1x
232 4176 267 4242 (a)
281 4179 320 4228 m
335 4177 451 4241 aniana
463 4175 527 4226 ecci.
539 4173 785 4226 acarnaniam
794 4177 897 4240 pann.
906 4179 979 4228 arx.
989 4177 1036 4227 aa.
1048 4159 1090 4228 rvss
1101 4191 1128 4229 a.
1141 4164 1235 4242 raaqq.

159 4255 164 4299 ἰ
232 4255 363 4321 (tollbtd.
384 4255 501 4314 omnimo
521 4254 562 4306 bic
583 4255 638 4318 ipsa
656 4258 742 4306 auctor
762 4256 935 4315 animadvertit
959 4257 1080 4308 eiusmodi
1097 4258 1275 4312 numanam

156 4337 236 4401 prima
250 4336 392 4402 nuptarum
404 4338 476 4388 noete
485 4336 516 4388 ab
527 4335 630 4388 ethnicis
641 4336 701 4400 ipsis
714 4335 837 4387 tumidum
849 4338 969 4388 mmatam
981 4337 1065 4390 tuisse.
1135 4360 1138 4367 ·
