2872 5062
271 349 340 399 etr.
360 351 405 400 Vl·
425 349 466 399 tte
483 349 583 399 lusae.
606 349 717 400 conta.
739 349 776 397 ΕΤ
794 347 880 397 SAGR·
902 348 973 396 ΛΒΤ.
994 348 1017 397 1.
1131 327 1198 397 193

166 468 288 566 ltaque
300 467 371 540 sive
389 466 538 539 intimam
557 467 602 540 rei
622 482 793 554 naturam,
814 465 886 538 sive
902 464 1065 538 ecclesiae
1081 466 1205 540 doctri·

92 581 291 668 uam‚,sive
313 581 661 678 demumanalogiam
687 597 876 679 spectemus
908 583 1115 679 sacramenti
1133 609 1206 654 ma·

93 696 239 770 trimonii
257 722 333 770 cum
355 697 573 770 sacramentis
598 697 760 796 reliquis,
789 696 1027 796 concludamus
1054 713 1201 795 oportet,

93 811 127 881 in
144 811 356 886 matrimonio
372 811 557 886 christiano
573 828 778 885 contractum
796 811 982 909 legitimum
1002 838 1069 884 non
1089 811 1205 884 haberi

90 925 150 998 ubi
175 953 242 999 uon
277 926 420 1000 babetur
444 943 718 1001 sacramentum:
748 927 832 1000 adeo
858 926 1100 1024 inseparabiles
1128 942 1205 999 suut

90 1040 178 1118 ratio
195 1057 384 1117 contractus
409 1057 443 1116 et
467 1043 552 1118 ratio
578 1041 804 1117 sacramenti!

513 1259 722 1317 ARTlCULUS
742 1259 778 1314 ll.

94 1428 171 1490 Data
193 1431 281 1490 etiam
302 1434 423 1491 ueritate
447 1435 605 1492 sententiae
624 1433 660 1492 de
688 1433 835 1492 sacerdote
862 1436 1035 1494 sacramenti
1057 1429 1205 1494 Matrinio

159 1531 202 1587 att
230 1531 386 1607 ministro,
414 1547 563 1607 perperam
588 1531 684 1590 adhuc
708 1531 776 1590 inde
800 1531 923 1590 tutentur
948 1532 1095 1592 distinctio
1127 1536 1202 1592 inter

157 1632 342 1689 contractum
362 1634 392 1692 et
409 1635 621 1689 sacramentum
641 1630 672 1688 in
693 1631 877 1689 matrimomo
891 1629 1079 1759 christiano·

92 1916 95 1922 ,
162 1838 453 1934 supervacaneum
478 1841 584 1915 videri
611 1846 726 1940 posset
751 1858 827 1941 post
852 1852 913 1928 ea,'
929 1868 1017 1940 quae
1040 1841 1204 1914 hactenus

89 1953 272 2039 constituta
297 1968 388 2040 sunt,
407 1955 450 2028 de
466 1956 582 2029 eadem
609 1972 787 2030 retractare
811 1956 994 2041 sententia,
1020 1983 1124 2054 quum
1148 1955 1206 2025 lir-

88 2056 153 2141 mis
178 2067 265 2155 adeo
289 2067 475 2168 solidisque
500 2072 705 2166 argumentis
731 2071 994 2144 demonstratum
1020 2070 1083 2155 sit,
1113 2068 1206 2141 nulla

88 2172 219 2257 ratione
241 2183 428 2257 doctrinam
445 2185 488 2256 de
506 2185 678 2258 sacerdote
693 2212 756 2258 ceu
773 2170 975 2258 sacramenti
1000 2183 1203 2257 matrimonii

89 2297 243 2372 ministro
264 2288 401 2383 'admitti
432 2326 545 2398 posse.
568 2299 734 2384 Quoniam
761 2317 895 2385 tamen,
924 2299 983 2396 qui
1008 2297 1131 2372 animo'
1145 2296 1205 2369 ob-

90 2412 212 2486 firmati
239 2430 319 2487 sunt
346 2414 381 2485 in
407 2441 446 2488 ea
472 2415 658 2513 protuenda
690 2415 733 2501 ad
765 2425 958 2510 perversum
989 2413 1089 2484 finem
1115 2422 1227 2511 asse-4

89 2528 275 2626 quendum,
291 2556 391 2628 quem
404 2530 471 2604 sibi
484 2546 731 2630 proposuerunt
746 2528 954 2624 (cuiusmodi
968 2543 1048 2603 sunt
1060 2526 1205 2626 pseudo-

88 2642 244 2740 politici,
272 2659 309 2717 ut
340 2672 402 2718 suo
434 2645 506 2719 loco
539 2646 754 2739 videbimus)
783 2671 821 2717 se
845 2642 944 2716 lacile
977 2643 1206 2719 communiunt

90 2757 278 2830 extrinseca
295 2758 353 2830 illa
371 2760 623 2857 probabilitate,
639 2788 727 2859 quae
740 2760 851 2833 eidem
869 2759 1054 2833 sententiae
1070 2757 1207 2832 obvenit

90 2869 135 2942 ob
156 2885 203 2943 tot
226 2871 467 2969 theologorum,
488 2875 546 2973 qui
565 2901 638 2946 eam
664 2875 738 2946 tuiti
765 2889 861 2960 sunt,
888 2872 1140 2956 auctoritatem·7
1170 2888 1203 2942 et

90 3000 230 3084 propter
251 3010 355 3085 quam
380 2989 579 3063 Benedictus
599 2990 681 3070 Xlll.
698 2989 782 3060 Cani
804 2989 1003 3061 sententiam
1020 2988 1116 3059 valde
1130 3012 1206 3083 pro·

91 3100 232 3172 bobilam
262 3102 497 3200 nuncupavit,
531 3101 682 3198 cogimur
707 3102 869 3175 adversus
894 3128 974 3186 eos,
1002 3099 1062 3198 qui¹
1087 3098 1204 3171 eadem

18 3268 20 3273 -
89 3214 182 3288 abuti
217 3242 356 3314 pergere
388 3217 522 3303 volunt,
558 3218 657 3289 etiam
683 3215 806 3288 bacin
832 3214 1013 3314 hypothesi
1039 3214 1205 3293 invectam

89 3328 339 3405 distinctionem
364 3358 503 3430 prorsus
528 3331 713 3404 eliminare.
735 3330 954 3403 Hae'ratione
974 3329 1208 3427 'praecidimus

91 3443 184 3517 filum
201 3445 352 3523 cuiusvis
370 3445 653 3542 tergiversationis
666 3445 821 3518 osoribus
835 3443 1021 3519 catholicae
1033 3443 1205 3517 doctrinae

89 3586 131 3631 ne
156 3586 198 3635 ea
223 3560 267 3633 ad
293 3560 463 3659 propriam
482 3577 515 3632 et
533 3559 675 3633 aliorum
699 3560 885 3657 perniciem
910 3558 1002 3632 abuti
1027 3558 1171 3637 valeant.

161 3673 210 3746 Ne
235 3699 313 3748 vero
339 3674 373 3751 in
400 3701 435 3746 re
460 3674 545 3747 adeo
570 3674 664 3770 gravi
692 3673 902 3745 desideretur
926 3671 1116 3744 necessaria
1133 3695 1206 3767 per·

90 3787 272 3884 spicatas,
302 3788 463 3861 nonnulla
497 3787 738 3886 praemittenda
762 3813 839 3860 esse
864 3787 1057 3859 censuimus
1083 3784 1126 3856 ad
1151 3783 1210 3854 di-‘

89 3900 271 3976 cendorum
297 3902 568 3991 elucidationem.
1086 3922 1088 3925 ·
1170 3916 1174 3922 “
1205 3888 1208 3894 ’

162 4017 411 4090 Praemittimus
438 4020 551 4117 itaque
569 4021 603 4088 l.
618 4044 679 4091 nos
706 4018 770 4090 hoc
796 4017 868 4090 loco
894 4016 1060 4088 disserere
1076 4012 1120 4084 de
1137 4038 1203 4083 ma·

91 4130 257 4220 trimoniis
272 4131 365 4204 iuxta
376 4133 516 4206 formam
530 4159 551 4205 a
565 4132 743 4207 tridentino
759 4129 997 4229 praescriptam
1012 4125 1200 4210 celebratis,

90 4260 145 4317 aut
170 4245 381 4325 celebrandis
407 4246 464 4320 ubi
491 4248 562 4320 eius
588 4248 757 4321 decretum
791 4244 995 4344 publicatum
1022 4257 1084 4314 est.
1119 4240 1203 4313 Nam

1125 4370 1157 4419 ta
