2872 5062
328 355 396 406 car.
413 337 437 407 n
453 356 493 405 oa
518 355 650 408 urrmu.
671 356 784 407 arrius
809 356 1072 408 uirorumue
1196 336 1264 408 207

156 489 257 575 prout
280 474 367 546 inter
392 472 544 547 infideles
575 471 736 548 celebrari
763 474 847 549 solet
870 499 981 548 coram
1016 476 1269 571 magistratibus
1310 461 1313 468 ’

156 587 335 675 civilibus,
355 604 414 661 aut
429 588 548 662 saltem
567 590 609 662 ad
628 615 778 663 normam
803 590 952 665 civilium
977 580 1110 687 legum,
1134 592 1270 690 siquae

157 702 459 779 siatoonstitutac:
470 702 640 779 eiusmodi
658 705 747 778 enim
765 705 923 802 coniugia
939 697 981 777 cx
998 695 1192 778 Innocentio
1205 706 1264 777 ΙΙΙ».

157 820 238 894 licet
260 834 338 897 rata
360 817 428 892 non
453 820 540 906 sint,
568 837 649 894 sunt
673 836 783 894 tamen
809 847 898 893 ocra.
916 821 1031 919 Neque
1047 820 1149 893 etiam
1166 842 1270 919 quae·-

156 935 224 1009 atio
248 934 394 1031 agitatur
409 933 453 1006 de
468 932 710 1025 matrimoniis,
731 961 820 1034 quae
836 961 857 1008 a
874 934 1032 1008 fidelihus
1054 935 1270 1033 ipsis-eoram

156 1048 248 1124 cirili
264 1049 481 1146 magistratu,
496 1067 555 1123 aut
571 1049 638 1123 alia
656 1050 783 1124 ratione
799 1049 1041 1126 contrahuntur
1057 1050 1100 1124 iis
1116 1051 1152 1122 in
1170 1049 1266 1136 locis,

156 1161 217 1236 uhi
242 1163 460 1236 tridentinum
484 1164 654 1237 decretum
672 1191 739 1238 non
756 1182 808 1238 est
824 1164 1052 1264 publicatum:
1078 1166 1207 1238 etenim·
1227 1165 1271 1238 iis

157 1278 198 1350 in
217 1277 303 1351 locis
327 1277 494 1351 eiusmodi
519 1278 676 1375 coniugia
700 1295 735 1352 et
757 1305 836 1352 vcra
860 1295 940 1352 sunt
964 1294 997 1351 et
1020 1293 1114 1363 roto,
1144 1270 1216 1352 seu
1229 1302 1270 1351 eo

157 1392 248 1491 ipsc,
268 1393 358 1493 quod
376 1394 445 1467 sint
461 1393 600 1490 legitimi
618 1410 821 1482 contractus,
833 1410 912 1468 sunt
929 1394 1028 1466 etiam
1046 1409 1270 1478 sacramenta,

159 1505 321 1593 Quaestio
339 1508 442 1604 igitur
463 1525 515 1581 est
531 1508 573 1581 de
591 1510 811 1582 matrimoniis
834 1508 990 1582 civilibus
1010 1510 1043 1580 in
1061 1508 1144 1582 locis
1160 1501 1266 1595 initis,

157 1622 193 1693 in
212 1621 337 1721 quihus
356 1639 432 1722 post
449 1624 620 1697 tridentini
642 1624 766 1698 decreti
793 1624 1073 1722 publicationem,
1102 1625 1271 1696 matrimo-

158 1736 253 1809 nium
278 1737 352 1811 sine
377 1738 514 1838 parochi
537 1741 727 1838 praesentia
751 1740 970 1826 celebratum,
992 1732 1059 1812 non
1077 1740 1186 1813 solum
1204 1765 1271 1813 non

157 1867 210 1930 ast
245 1870 520 1942 sacramentum,
557 1855 617 1928 sed
650 1881 759 1955 neque
789 1864 1007 1942 contractae,
1045 1854 1272 1928 abstrahendo

156 1965 293 2040 etiama
310 1969 506 2065 quaestione
528 1969 686 2043 sacerdos
704 1996 762 2057 ne,
784 1996 827 2057 an
851 1994 931 2043 vero
954 1969 1200 2043 contrahentes
1213 1970 1274 2042 mi-

158 2082 256 2156 nistri
281 2083 357 2157 sint.
374 2086 587 2159 sacramenti.
608 2086 659 2158 Ile
676 2085 739 2158 his·
751 2085 909 2160 civilibus
929 2085 1107 2160 connubiis
1125 2084 1273 2169 affirma,-

159 2223 259 2287 mus,
287 2225 328 2272 ea
352 2201 536 2299 spectanda
560 2227 637 2276 esso
654 2218 687 2274 et
704 2201 880 2289 habenda,
902 2217 1001 2300 prout
1025 2217 1124 2288 suut,
1145 2216 1216 2273 tum
1238 2202 1272 2272 in

159 2337 213 2401 se,
235 2328 306 2387 tum
331 2315 366 2387 in
392 2315 477 2389 lacie
501 2316 675 2403 ecclesiae,
698 2332 868 2414 tamquam
895 2331 1002 2413 turpes
1027 2315 1269 2387 concubinatus.

232 2429 328 2503 Hanc
351 2456 430 2506 uero
454 2432 631 2506 formulam
656 2433 700 2505 ad
725 2431 869 2505 litteram
894 2431 1104 2504 desumimus
1125 2455 1165 2502 ex
1182 2428 1274 2503 Allo·

158 2545 306 2635 cutione,
329 2570 432 2646 quam
453 2548 531 2622 Pius
545 2548 601 2620 lx.
613 2546 733 2621 hahuit
751 2548 795 2620 ad
812 2562 925 2646 patras
942 2545 1131 2620 cardinales
1143 2545 1199 2619 dio
1211 2548 1269 2618 tt.

159 2657 252 2758 Sept.
275 2663 594 2761 an.1852.inqua
615 2663 786 2737 disserens
808 2663 851 2735 de
875 2662 948 2759 lege
966 2663 1001 2733 in
1023 2661 1168 2735 comitiis
1190 2662 1275 2734 Neo-

161 2775 371 2869 granatensis
397 2775 602 2874 reipublicae
619 2779 792 2876 proposita
809 2778 898 2851 circa
915 2777 1127 2850 matrimonia
1143 2775 1270 2862 civilia,

163 2890 396 2985 pronunciavit
415 2920 432 2960 u
448 2891 620 2965 Neminem
638 2919 679 2966 ex
695 2893 871 2966 catholicis
897 2893 1069 2989 ignorare,
1097 2907 1156 2964 aut
1180 2891 1276 2986 igno-

161 3003 238 3076 rare
266 3030 386 3103 posse,
409 3007 658 3080 matrimonium
683 3034 760 3081 asse
784 3035 862 3082 vere
886 3024 919 3081 et
943 3006 1079 3106 proprie
1103 3030 1208 3078 unum
1233 3028 1275 3076 ex

161 3134 294 3218 septem
328 3120 541 3218 evangelicae
563 3121 649 3219 logis
681 3120 899 3197 sacramentis
929 3147 950 3194 a
975 3119 1109 3192 Christo
1133 3117 1277 3191 Domino

160 3233 369 3324 institutum,
390 3263 429 3309 ac
447 3253 625 3336 propterea
640 3241 726 3310 inter
742 3238 852 3334 fideles
868 3237 1112 3308 matrimonium
1125 3233 1276 3307 duriaco

155 3371 271 3444 posse,
301 3350 382 3447 quin
406 3376 470 3422 uno
494 3349 663 3449 eodemque
684 3366 819 3449 tempore
836 3352 880 3422 sit
896 3363 1152 3433 sacromentum,
1174 3346 1277 3446 atque

159 3459 306 3551 idcirce,
331 3464 516 3563 quemlihet
530 3464 632 3539 aliam
651 3467 739 3540 inter
757 3466 960 3539 christianos
978 3465 1042 3538 viri
1055 3480 1090 3536 et
1100 3462 1274 3549 mulieris,

158 3591 295 3674 praeter
313 3594 578 3666 sacramentum,
598 3580 879 3665 coniunctionem,
908 3579 1151 3677 cuiuscumque
1176 3577 1277 3650 etiam

157 3689 268 3765 civilis
293 3690 378 3788 legis
403 3692 436 3766 vi
462 3691 601 3781 initam,
630 3692 716 3765 nihil
736 3692 840 3768 ,aliud
873 3719 951 3766 esse
982 3692 1049 3765 nisi
1080 3706 1206 3789 turpem
1238 3714 1277 3761 uc

158 3805 329 3877 mitialem
337 3806 792 3881 comuhimtumahecclesia
801 3807 1174 3907 tantoperedamnatum
1184 3804 1275 3897 (1).»

232 4063 269 4127 (1)
285 4065 341 4114 Hoc
352 4065 435 4128 ipsum
445 4067 495 4115 iam
509 4065 573 4116 vidit
589 4066 628 4116 vir
643 4065 796 4116 acatholicus
806 4065 957 4128 Augustinus
966 4066 1055 4126 Layscr
1070 4060 1179 4111 scribens
1188 4058 1215 4108 in
1224 4061 1277 4109 Mc·
1310 4094 1314 4102 .

158 4141 284 4194 ditation.
295 4142 332 4193 ad
342 4143 471 4210 Pundect.
483 4147 543 4195 tom.
554 4148 597 4194 lx.
608 4146 714 4208 specim
726 4153 780 4197 583.
793 4145 817 4208 §.
831 4153 853 4195 t.
870 4164 882 4190 a
891 4143 1020 4206 Popularia
1034 4141 1081 4192 iste
1094 4137 1277 4189 iurisconsulto-

159 4235 212 4273 nnn
220 4236 291 4274 error
302 4223 422 4288 originem
432 4224 490 4276 inde
499 4225 587 4287 traxit,
597 4227 664 4288 quod
673 4226 711 4277 illi
720 4226 888 4276 definitionem
899 4223 1048 4274 matrimonii
1063 4233 1106 4271 eeu
1117 4218 1276 4283 nuptiarum,
1324 4243 1328 4249 ·

158 4313 221 4363 quae
231 4303 258 4353 in
268 4304 323 4353 iure
336 4316 439 4354 romano
459 4303 592 4369 reperitur,
606 4303 674 4369 quod
685 4304 780 4356 scilicet
790 4304 841 4355 sint
850 4303 899 4353 viri
910 4304 935 4352 et
945 4299 1056 4352 mulieris
1067 4296 1206 4350 coniunctio
1215 4294 1277 4347 indi·
