<?xml version="1.0" encoding="UTF-8"?>
<!DOCTYPE html PUBLIC "-//W3C//DTD XHTML 1.0 Transitional//EN"
    "http://www.w3.org/TR/xhtml1/DTD/xhtml1-transitional.dtd">
<html xmlns="http://www.w3.org/1999/xhtml" xml:lang="en" lang="en">
 <head>
  <title>
</title>
<meta http-equiv="Content-Type" content="text/html;charset=utf-8" />
  <meta name='ocr-system' content='tesseract 3.04.00' />
  <meta name='ocr-capabilities' content='ocr_page ocr_carea ocr_par ocr_line ocrx_word'/>
</head>
<body>
  <div class='ocr_page' id='page_1' title='image "./dematrimoniochr00perrgoog_0416.png"; bbox 0 0 2872 5062; ppageno 0'>
   <div class='ocr_carea' id='block_1_1' title="bbox 95 350 1288 3013">
    <p class='ocr_par' dir='ltr' id='par_1_1' title="bbox 95 350 1288 2092">
     <span class='ocr_line' id='line_1_1' title="bbox 278 350 1287 427; baseline 0.015 -15"><span class='ocrx_word' id='word_1_1' title='bbox 278 361 458 415; x_wconf 72' lang='lat' dir='ltr'><strong>caninos</strong></span> <span class='ocrx_word' id='word_1_2' title='bbox 471 360 663 414; x_wconf 67' lang='lat' dir='ltr'><strong>sacunino</strong></span> <span class='ocrx_word' id='word_1_3' title='bbox 677 364 756 416; x_wconf 77' lang='lat' dir='ltr'><strong>accc</strong></span> <span class='ocrx_word' id='word_1_4' title='bbox 769 367 809 418; x_wconf 84' lang='lat' dir='ltr'><strong>nn</strong></span> <span class='ocrx_word' id='word_1_5' title='bbox 822 367 1078 423; x_wconf 67' lang='lat' dir='ltr'><strong>carnuntum:</strong></span> <span class='ocrx_word' id='word_1_6' title='bbox 1091 372 1138 424; x_wconf 88' lang='lat'>111.</span> <span class='ocrx_word' id='word_1_7' title='bbox 1217 350 1287 427; x_wconf 76' lang='lat'><strong>397</strong></span> 
     </span>
     <span class='ocr_line' id='line_1_2' title="bbox 172 479 1288 589; baseline 0.013 -37"><span class='ocrx_word' id='word_1_8' title='bbox 172 479 363 570; x_wconf 78' lang='lat' dir='ltr'><strong>innuimus,</strong></span> <span class='ocrx_word' id='word_1_9' title='bbox 378 483 600 583; x_wconf 79' lang='lat' dir='ltr'><strong>proprietates</strong></span> <span class='ocrx_word' id='word_1_10' title='bbox 617 485 817 584; x_wconf 87' lang='lat' dir='ltr'><strong>praeeipuas</strong></span> <span class='ocrx_word' id='word_1_11' title='bbox 835 485 1008 562; x_wconf 88' lang='lat' dir='ltr'><strong>constituit</strong></span> <span class='ocrx_word' id='word_1_12' title='bbox 1025 490 1194 589; x_wconf 80' lang='lat' dir='ltr'><strong>coniugii,</strong></span> <span class='ocrx_word' id='word_1_13' title='bbox 1217 498 1288 568; x_wconf 69' lang='lat' dir='ltr'><strong>uni</strong></span> 
     </span>
     <span class='ocr_line' id='line_1_3' title="bbox 174 598 1287 709; baseline 0.014 -39"><span class='ocrx_word' id='word_1_14' title='bbox 174 610 275 671; x_wconf 84' lang='lat' dir='ltr'><strong>tatem</strong></span> <span class='ocrx_word' id='word_1_15' title='bbox 299 598 429 675; x_wconf 89' lang='lat' dir='ltr'><strong>scilicet</strong></span> <span class='ocrx_word' id='word_1_16' title='bbox 449 616 483 674; x_wconf 92' lang='lat' dir='ltr'><strong>et</strong></span> <span class='ocrx_word' id='word_1_17' title='bbox 504 601 843 689; x_wconf 56' lang='lat' dir='ltr'><strong>internetionem</strong></span> <span class='ocrx_word' id='word_1_18' title='bbox 864 604 991 706; x_wconf 92' lang='lat' dir='ltr'><strong>quibus</strong></span> <span class='ocrx_word' id='word_1_19' title='bbox 1012 602 1104 681; x_wconf 85' lang='lat' dir='ltr'><strong>nulla</strong></span> <span class='ocrx_word' id='word_1_20' title='bbox 1125 633 1287 709; x_wconf 87' lang='lat' dir='ltr'><strong>umquam</strong></span> 
     </span>
     <span class='ocr_line' id='line_1_4' title="bbox 171 715 1287 818; baseline 0.015 -31"><span class='ocrx_word' id='word_1_21' title='bbox 171 729 320 813; x_wconf 90' lang='lat' dir='ltr'><strong>potestas</strong></span> <span class='ocrx_word' id='word_1_22' title='bbox 343 715 505 814; x_wconf 80' lang='lat' dir='ltr'><strong>derogare</strong></span> <span class='ocrx_word' id='word_1_23' title='bbox 523 717 630 791; x_wconf 87' lang='lat' dir='ltr'><strong>valuit</strong></span> <span class='ocrx_word' id='word_1_24' title='bbox 654 718 803 793; x_wconf 91' lang='lat' dir='ltr'><strong>humana</strong></span> <span class='ocrx_word' id='word_1_25' title='bbox 820 723 909 818; x_wconf 81' lang='lat' dir='ltr'><strong>(it).</strong></span> <span class='ocrx_word' id='word_1_26' title='bbox 927 722 1080 797; x_wconf 75' lang='lat' dir='ltr'><strong>Indidem</strong></span> <span class='ocrx_word' id='word_1_27' title='bbox 1097 717 1287 804; x_wconf 85' lang='lat' dir='ltr'><strong>contractus</strong></span> 
     </span>
     <span class='ocr_line' id='line_1_5' title="bbox 169 830 1288 930; baseline 0.015 -28"><span class='ocrx_word' id='word_1_28' title='bbox 169 830 469 906; x_wconf 87' lang='lat' dir='ltr'><strong>divino-naturalis</strong></span> <span class='ocrx_word' id='word_1_29' title='bbox 496 833 659 930; x_wconf 83' lang='lat' dir='ltr'>originem</span> <span class='ocrx_word' id='word_1_30' title='bbox 685 837 890 911; x_wconf 82' lang='lat' dir='ltr'>matrimonii</span> <span class='ocrx_word' id='word_1_31' title='bbox 917 839 1092 916; x_wconf 88' lang='lat' dir='ltr'><strong>constituit</strong></span> <span class='ocrx_word' id='word_1_32' title='bbox 1117 842 1152 915; x_wconf 92' lang='lat' dir='ltr'><strong>in</strong></span> <span class='ocrx_word' id='word_1_33' title='bbox 1178 847 1288 919; x_wconf 79' lang='lat' dir='ltr'><strong>omni·</strong></span> 
     </span>
     <span class='ocr_line' id='line_1_6' title="bbox 168 945 1281 1058; baseline 0.014 -40"><span class='ocrx_word' id='word_1_34' title='bbox 168 945 234 1020; x_wconf 87' lang='lat' dir='ltr'><strong>bus</strong></span> <span class='ocrx_word' id='word_1_35' title='bbox 258 946 351 1020; x_wconf 78' lang='lat' dir='ltr'><strong>Adae</strong></span> <span class='ocrx_word' id='word_1_36' title='bbox 372 948 534 1046; x_wconf 82' lang='lat' dir='ltr'>posteris,</span> <span class='ocrx_word' id='word_1_37' title='bbox 556 974 618 1022; x_wconf 89' lang='lat' dir='ltr'><strong>neo</strong></span> <span class='ocrx_word' id='word_1_38' title='bbox 635 976 656 1022; x_wconf 93' lang='lat' dir='ltr'><strong>a</strong></span> <span class='ocrx_word' id='word_1_39' title='bbox 672 949 745 1048; x_wconf 81' lang='lat' dir='ltr'><strong>lege</strong></span> <span class='ocrx_word' id='word_1_40' title='bbox 762 951 911 1026; x_wconf 92' lang='lat' dir='ltr'><strong>humana</strong></span> <span class='ocrx_word' id='word_1_41' title='bbox 928 956 1073 1054; x_wconf 91' lang='lat' dir='ltr'><strong>positiva</strong></span> <span class='ocrx_word' id='word_1_42' title='bbox 1102 958 1281 1058; x_wconf 82' lang='lat' dir='ltr'><strong>dependet.</strong></span> 
     </span>
     <span class='ocr_line' id='line_1_7' title="bbox 111 1061 1286 1170; baseline 0.015 -37"><span class='ocrx_word' id='word_1_43' title='bbox 111 1105 113 1108; x_wconf 55' lang='lat'><strong>&gt;</strong></span> <span class='ocrx_word' id='word_1_44' title='bbox 171 1063 288 1164; x_wconf 76' lang='lat' dir='ltr'><strong>Leges,</strong></span> <span class='ocrx_word' id='word_1_45' title='bbox 311 1089 400 1162; x_wconf 90' lang='lat' dir='ltr'><strong>quae</strong></span> <span class='ocrx_word' id='word_1_46' title='bbox 417 1061 578 1163; x_wconf 80' lang='lat' dir='ltr'><strong>deinceps</strong></span> <span class='ocrx_word' id='word_1_47' title='bbox 598 1066 634 1138; x_wconf 93' lang='lat' dir='ltr'><strong>in</strong></span> <span class='ocrx_word' id='word_1_48' title='bbox 656 1067 815 1141; x_wconf 87' lang='lat' dir='ltr'><strong>societate</strong></span> <span class='ocrx_word' id='word_1_49' title='bbox 839 1070 928 1143; x_wconf 84' lang='lat' dir='ltr'><strong>cirea</strong></span> <span class='ocrx_word' id='word_1_50' title='bbox 954 1073 1147 1170; x_wconf 79' lang='lat' dir='ltr'><strong>coniugium</strong></span> <span class='ocrx_word' id='word_1_51' title='bbox 1165 1078 1286 1151; x_wconf 84' lang='lat' dir='ltr'><strong>consti·</strong></span> 
     </span>
     <span class='ocr_line' id='line_1_8' title="bbox 169 1179 1286 1291; baseline 0.013 -41"><span class='ocrx_word' id='word_1_52' title='bbox 169 1191 260 1250; x_wconf 90' lang='lat' dir='ltr'><strong>tutae</strong></span> <span class='ocrx_word' id='word_1_53' title='bbox 281 1191 380 1264; x_wconf 89' lang='lat' dir='ltr'><strong>sunt,</strong></span> <span class='ocrx_word' id='word_1_54' title='bbox 402 1196 586 1279; x_wconf 84' lang='lat' dir='ltr'><strong>numquam</strong></span> <span class='ocrx_word' id='word_1_55' title='bbox 607 1181 720 1279; x_wconf 90' lang='lat' dir='ltr'><strong>ipsum</strong></span> <span class='ocrx_word' id='word_1_56' title='bbox 743 1183 907 1282; x_wconf 83' lang='lat' dir='ltr'><strong>attingere</strong></span> <span class='ocrx_word' id='word_1_57' title='bbox 932 1186 966 1257; x_wconf 97' lang='lat' dir='ltr'><strong>in</strong></span> <span class='ocrx_word' id='word_1_58' title='bbox 993 1179 1057 1261; x_wconf 85' lang='lat' dir='ltr'><strong>sua</strong></span> <span class='ocrx_word' id='word_1_59' title='bbox 1082 1206 1201 1263; x_wconf 91' lang='lat' dir='ltr'><strong>natura</strong></span> <span class='ocrx_word' id='word_1_60' title='bbox 1227 1216 1286 1291; x_wconf 90' lang='lat' dir='ltr'><strong>pc-</strong></span> 
     </span>
     <span class='ocr_line' id='line_1_9' title="bbox 169 1293 1285 1396; baseline 0.014 -32"><span class='ocrx_word' id='word_1_61' title='bbox 169 1307 331 1380; x_wconf 89' lang='lat' dir='ltr'><strong>tuerunt,</strong></span> <span class='ocrx_word' id='word_1_62' title='bbox 364 1293 425 1367; x_wconf 90' lang='lat' dir='ltr'><strong>sed</strong></span> <span class='ocrx_word' id='word_1_63' title='bbox 451 1293 561 1367; x_wconf 92' lang='lat' dir='ltr'><strong>solnm</strong></span> <span class='ocrx_word' id='word_1_64' title='bbox 586 1296 739 1370; x_wconf 89' lang='lat' dir='ltr'><strong>eiusdem</strong></span> <span class='ocrx_word' id='word_1_65' title='bbox 769 1297 916 1396; x_wconf 76' lang='lat' dir='ltr'><strong>coniugii</strong></span> <span class='ocrx_word' id='word_1_66' title='bbox 942 1300 1083 1377; x_wconf 81' lang='lat' dir='ltr'><strong>effectus</strong></span> <span class='ocrx_word' id='word_1_67' title='bbox 1106 1304 1142 1375; x_wconf 92' lang='lat' dir='ltr'><strong>in</strong></span> <span class='ocrx_word' id='word_1_68' title='bbox 1166 1305 1285 1382; x_wconf 81' lang='lat' dir='ltr'><strong>ordine</strong></span> 
     </span>
     <span class='ocr_line' id='line_1_10' title="bbox 168 1406 1284 1495; baseline 0.016 -17"><span class='ocrx_word' id='word_1_69' title='bbox 168 1406 211 1479; x_wconf 94' lang='lat' dir='ltr'><strong>ad</strong></span> <span class='ocrx_word' id='word_1_70' title='bbox 246 1408 453 1482; x_wconf 88' lang='lat' dir='ltr'><strong>societatem.</strong></span> <span class='ocrx_word' id='word_1_71' title='bbox 484 1410 571 1483; x_wconf 90' lang='lat' dir='ltr'><strong>Sane</strong></span> <span class='ocrx_word' id='word_1_72' title='bbox 596 1436 672 1484; x_wconf 91' lang='lat' dir='ltr'><strong>cum</strong></span> <span class='ocrx_word' id='word_1_73' title='bbox 706 1435 894 1489; x_wconf 87' lang='lat' dir='ltr'><strong>consensus</strong></span> <span class='ocrx_word' id='word_1_74' title='bbox 920 1415 1046 1490; x_wconf 78' lang='lat' dir='ltr'><strong>efficiat</strong></span> <span class='ocrx_word' id='word_1_75' title='bbox 1077 1432 1284 1495; x_wconf 88' lang='lat' dir='ltr'><strong>contractum</strong></span> 
     </span>
     <span class='ocr_line' id='line_1_11' title="bbox 168 1522 1284 1635; baseline 0.013 -38"><span class='ocrx_word' id='word_1_76' title='bbox 168 1522 396 1620; x_wconf 80' lang='lat' dir='ltr'><strong>coniugalem,</strong></span> <span class='ocrx_word' id='word_1_77' title='bbox 413 1523 515 1597; x_wconf 91' lang='lat' dir='ltr'><strong>ethic</strong></span> <span class='ocrx_word' id='word_1_78' title='bbox 528 1525 673 1625; x_wconf 90' lang='lat' dir='ltr'><strong>pendeat</strong></span> <span class='ocrx_word' id='word_1_79' title='bbox 693 1526 737 1600; x_wconf 90' lang='lat' dir='ltr'><strong>ab</strong></span> <span class='ocrx_word' id='word_1_80' title='bbox 762 1529 875 1603; x_wconf 91' lang='lat' dir='ltr'><strong>animo</strong></span> <span class='ocrx_word' id='word_1_81' title='bbox 892 1532 1181 1622; x_wconf 90' lang='lat' dir='ltr'><strong>contrahentium,</strong></span> <span class='ocrx_word' id='word_1_82' title='bbox 1202 1552 1284 1635; x_wconf 77' lang='lat' dir='ltr'><strong>que</strong></span> 
     </span>
     <span class='ocr_line' id='line_1_12' title="bbox 167 1638 1284 1740; baseline 0.012 -29"><span class='ocrx_word' id='word_1_83' title='bbox 167 1638 269 1713; x_wconf 92' lang='lat' dir='ltr'><strong>modo</strong></span> <span class='ocrx_word' id='word_1_84' title='bbox 294 1655 410 1739; x_wconf 90' lang='lat' dir='ltr'><strong>posset</strong></span> <span class='ocrx_word' id='word_1_85' title='bbox 430 1639 599 1714; x_wconf 90' lang='lat' dir='ltr'><strong>humanus</strong></span> <span class='ocrx_word' id='word_1_86' title='bbox 620 1638 793 1740; x_wconf 81' lang='lat' dir='ltr'><strong>legislator</strong></span> <span class='ocrx_word' id='word_1_87' title='bbox 812 1645 903 1718; x_wconf 90' lang='lat' dir='ltr'><strong>hano</strong></span> <span class='ocrx_word' id='word_1_88' title='bbox 923 1663 1129 1722; x_wconf 86' lang='lat' dir='ltr'><strong>contractum</strong></span> <span class='ocrx_word' id='word_1_89' title='bbox 1147 1649 1213 1724; x_wconf 91' lang='lat' dir='ltr'><strong>sibi</strong></span> <span class='ocrx_word' id='word_1_90' title='bbox 1232 1672 1284 1724; x_wconf 67' lang='lat' dir='ltr'><strong>aa</strong></span> 
     </span>
     <span class='ocr_line' id='line_1_13' title="bbox 168 1756 1284 1867; baseline 0.009 -37"><span class='ocrx_word' id='word_1_91' title='bbox 168 1782 310 1854; x_wconf 85' lang='lat' dir='ltr'><strong>rogare,</strong></span> <span class='ocrx_word' id='word_1_92' title='bbox 340 1779 416 1830; x_wconf 90' lang='lat' dir='ltr'><strong>cum</strong></span> <span class='ocrx_word' id='word_1_93' title='bbox 446 1756 489 1830; x_wconf 92' lang='lat' dir='ltr'><strong>ab</strong></span> <span class='ocrx_word' id='word_1_94' title='bbox 516 1757 666 1832; x_wconf 91' lang='lat' dir='ltr'><strong>interiori</strong></span> <span class='ocrx_word' id='word_1_95' title='bbox 691 1760 872 1835; x_wconf 87' lang='lat' dir='ltr'><strong>voluntatis</strong></span> <span class='ocrx_word' id='word_1_96' title='bbox 898 1778 974 1836; x_wconf 92' lang='lat' dir='ltr'><strong>actu</strong></span> <span class='ocrx_word' id='word_1_97' title='bbox 1000 1765 1159 1863; x_wconf 87' lang='lat' dir='ltr'><strong>pendeat,</strong></span> <span class='ocrx_word' id='word_1_98' title='bbox 1181 1782 1284 1867; x_wconf 91' lang='lat' dir='ltr'><strong>atque</strong></span> 
     </span>
     <span class='ocr_line' id='line_1_14' title="bbox 168 1871 1282 1973; baseline 0.011 -29"><span class='ocrx_word' id='word_1_99' title='bbox 168 1873 204 1945; x_wconf 93' lang='lat' dir='ltr'><strong>in</strong></span> <span class='ocrx_word' id='word_1_100' title='bbox 225 1886 392 1973; x_wconf 83' lang='lat' dir='ltr'><strong>potestate</strong></span> <span class='ocrx_word' id='word_1_101' title='bbox 417 1871 462 1948; x_wconf 85' lang='lat' dir='ltr'><strong>sit</strong></span> <span class='ocrx_word' id='word_1_102' title='bbox 486 1875 632 1972; x_wconf 92' lang='lat' dir='ltr'><strong>partium</strong></span> <span class='ocrx_word' id='word_1_103' title='bbox 651 1874 685 1947; x_wconf 94' lang='lat' dir='ltr'><strong>in</strong></span> <span class='ocrx_word' id='word_1_104' title='bbox 704 1875 1038 1967; x_wconf 67' lang='lat' dir='ltr'><strong>conscientiae‘bn,</strong></span> <span class='ocrx_word' id='word_1_105' title='bbox 1060 1876 1132 1954; x_wconf 91' lang='lat' dir='ltr'><strong>sive</strong></span> <span class='ocrx_word' id='word_1_106' title='bbox 1150 1881 1185 1953; x_wconf 93' lang='lat' dir='ltr'><strong>in</strong></span> <span class='ocrx_word' id='word_1_107' title='bbox 1202 1905 1282 1956; x_wconf 88' lang='lat' dir='ltr'><strong>eon·</strong></span> 
     </span>
     <span class='ocr_line' id='line_1_15' title="bbox 95 1978 1139 2092; baseline 0.009 -32"><span class='ocrx_word' id='word_1_108' title='bbox 95 1978 98 1984; x_wconf 57' lang='grc'>’</span> <span class='ocrx_word' id='word_1_109' title='bbox 168 1983 351 2077; x_wconf 87' lang='lat' dir='ltr'><strong>cabinatu,</strong></span> <span class='ocrx_word' id='word_1_110' title='bbox 381 1988 514 2064; x_wconf 87' lang='lat' dir='ltr'><strong>sivein</strong></span> <span class='ocrx_word' id='word_1_111' title='bbox 539 2016 617 2064; x_wconf 92' lang='lat' dir='ltr'><strong>vero</strong></span> <span class='ocrx_word' id='word_1_112' title='bbox 642 1991 856 2065; x_wconf 91' lang='lat' dir='ltr'><strong>matrimonio</strong></span> <span class='ocrx_word' id='word_1_113' title='bbox 882 1993 1004 2091; x_wconf 81' lang='lat' dir='ltr'><strong>degere</strong></span> <span class='ocrx_word' id='word_1_114' title='bbox 1032 1995 1139 2092; x_wconf 72' lang='lat' dir='ltr'><strong>(8d)?</strong></span> 
     </span>
    </p>

    <p class='ocr_par' dir='ltr' id='par_1_2' title="bbox 113 2102 1280 3013">
     <span class='ocr_line' id='line_1_16' title="bbox 238 2102 1280 2202; baseline 0.009 -26"><span class='ocrx_word' id='word_1_115' title='bbox 238 2103 323 2176; x_wconf 81' lang='lat' dir='ltr'><strong>Cum</strong></span> <span class='ocrx_word' id='word_1_116' title='bbox 341 2104 443 2202; x_wconf 81' lang='lat' dir='ltr'><strong>igitur</strong></span> <span class='ocrx_word' id='word_1_117' title='bbox 455 2104 610 2179; x_wconf 81' lang='lat' dir='ltr'><strong>Christus</strong></span> <span class='ocrx_word' id='word_1_118' title='bbox 628 2105 720 2181; x_wconf 90' lang='lat' dir='ltr'><strong>hunc</strong></span> <span class='ocrx_word' id='word_1_119' title='bbox 736 2102 1055 2183; x_wconf 88' lang='lat' dir='ltr'><strong>divino-naturalem</strong></span> <span class='ocrx_word' id='word_1_120' title='bbox 1073 2127 1280 2185; x_wconf 86' lang='lat' dir='ltr'><strong>contractum</strong></span> 
     </span>
     <span class='ocr_line' id='line_1_17' title="bbox 165 2218 1280 2324; baseline 0.006 -32"><span class='ocrx_word' id='word_1_121' title='bbox 165 2218 208 2292; x_wconf 89' lang='lat' dir='ltr'><strong>ad</strong></span> <span class='ocrx_word' id='word_1_122' title='bbox 232 2219 430 2318; x_wconf 83' lang='lat' dir='ltr'><strong>dignitatem</strong></span> <span class='ocrx_word' id='word_1_123' title='bbox 456 2222 657 2296; x_wconf 89' lang='lat' dir='ltr'><strong>sacramenti</strong></span> <span class='ocrx_word' id='word_1_124' title='bbox 682 2222 791 2297; x_wconf 85' lang='lat' dir='ltr'><strong>evexit</strong></span> <span class='ocrx_word' id='word_1_125' title='bbox 814 2249 875 2321; x_wconf 90' lang='lat' dir='ltr'><strong>per</strong></span> <span class='ocrx_word' id='word_1_126' title='bbox 905 2224 1125 2299; x_wconf 88' lang='lat' dir='ltr'><strong>adiectionem</strong></span> <span class='ocrx_word' id='word_1_127' title='bbox 1152 2226 1280 2324; x_wconf 83' lang='lat' dir='ltr'><strong>gratiae</strong></span> 
     </span>
     <span class='ocr_line' id='line_1_18' title="bbox 166 2335 1279 2442; baseline 0.005 -33"><span class='ocrx_word' id='word_1_128' title='bbox 166 2358 263 2422; x_wconf 82' lang='lat' dir='ltr'><strong>suae,</strong></span> <span class='ocrx_word' id='word_1_129' title='bbox 280 2335 366 2407; x_wconf 86' lang='lat' dir='ltr'><strong>nihii</strong></span> <span class='ocrx_word' id='word_1_130' title='bbox 379 2337 468 2410; x_wconf 90' lang='lat' dir='ltr'><strong>circa</strong></span> <span class='ocrx_word' id='word_1_131' title='bbox 481 2337 554 2410; x_wconf 89' lang='lat' dir='ltr'><strong>eius</strong></span> <span class='ocrx_word' id='word_1_132' title='bbox 568 2337 720 2411; x_wconf 89' lang='lat' dir='ltr'><strong>intimam</strong></span> <span class='ocrx_word' id='word_1_133' title='bbox 738 2339 927 2413; x_wconf 82' lang='lat' dir='ltr'><strong>immutavit</strong></span> <span class='ocrx_word' id='word_1_134' title='bbox 939 2356 1110 2429; x_wconf 89' lang='lat' dir='ltr'><strong>naturam,</strong></span> <span class='ocrx_word' id='word_1_135' title='bbox 1126 2341 1279 2442; x_wconf 90' lang='lat' dir='ltr'><strong>adeoque</strong></span> 
     </span>
     <span class='ocr_line' id='line_1_19' title="bbox 165 2451 1275 2557; baseline 0.005 -32"><span class='ocrx_word' id='word_1_136' title='bbox 165 2471 244 2525; x_wconf 87' lang='lat' dir='ltr'><strong>cum</strong></span> <span class='ocrx_word' id='word_1_137' title='bbox 260 2451 346 2523; x_wconf 90' lang='lat' dir='ltr'><strong>nihii</strong></span> <span class='ocrx_word' id='word_1_138' title='bbox 364 2452 399 2525; x_wconf 90' lang='lat' dir='ltr'><strong>in</strong></span> <span class='ocrx_word' id='word_1_139' title='bbox 417 2452 482 2527; x_wconf 87' lang='lat' dir='ltr'><strong>hac</strong></span> <span class='ocrx_word' id='word_1_140' title='bbox 500 2479 535 2526; x_wconf 91' lang='lat' dir='ltr'><strong>re</strong></span> <span class='ocrx_word' id='word_1_141' title='bbox 552 2452 683 2527; x_wconf 87' lang='lat' dir='ltr'><strong>dederit</strong></span> <span class='ocrx_word' id='word_1_142' title='bbox 700 2481 860 2555; x_wconf 90' lang='lat' dir='ltr'><strong>umquam</strong></span> <span class='ocrx_word' id='word_1_143' title='bbox 886 2456 1041 2556; x_wconf 82' lang='lat' dir='ltr'><strong>potestati</strong></span> <span class='ocrx_word' id='word_1_144' title='bbox 1064 2457 1275 2557; x_wconf 83' lang='lat' dir='ltr'><strong>principum,</strong></span> 
     </span>
     <span class='ocr_line' id='line_1_20' title="bbox 168 2565 1279 2669; baseline 0.007 -31"><span class='ocrx_word' id='word_1_145' title='bbox 168 2591 230 2640; x_wconf 90' lang='lat' dir='ltr'><strong>nee</strong></span> <span class='ocrx_word' id='word_1_146' title='bbox 241 2566 346 2640; x_wconf 87' lang='lat' dir='ltr'><strong>ullam</strong></span> <span class='ocrx_word' id='word_1_147' title='bbox 365 2565 536 2666; x_wconf 88' lang='lat' dir='ltr'><strong>principes</strong></span> <span class='ocrx_word' id='word_1_148' title='bbox 550 2567 585 2640; x_wconf 93' lang='lat' dir='ltr'><strong>in</strong></span> <span class='ocrx_word' id='word_1_149' title='bbox 598 2595 676 2642; x_wconf 90' lang='lat' dir='ltr'><strong>eum</strong></span> <span class='ocrx_word' id='word_1_150' title='bbox 694 2569 828 2669; x_wconf 89' lang='lat' dir='ltr'><strong>penitus</strong></span> <span class='ocrx_word' id='word_1_151' title='bbox 845 2570 1037 2658; x_wconf 87' lang='lat' dir='ltr'><strong>habuerint,</strong></span> <span class='ocrx_word' id='word_1_152' title='bbox 1058 2588 1116 2645; x_wconf 91' lang='lat' dir='ltr'><strong>aut</strong></span> <span class='ocrx_word' id='word_1_153' title='bbox 1133 2571 1279 2646; x_wconf 84' lang='lat' dir='ltr'><strong>habeant</strong></span> 
     </span>
     <span class='ocr_line' id='line_1_21' title="bbox 167 2682 1279 2787; baseline 0.007 -33"><span class='ocrx_word' id='word_1_154' title='bbox 167 2696 366 2778; x_wconf 87' lang='lat' dir='ltr'><strong>potestatem</strong></span> <span class='ocrx_word' id='word_1_155' title='bbox 385 2698 517 2782; x_wconf 88' lang='lat' dir='ltr'><strong>praeter</strong></span> <span class='ocrx_word' id='word_1_156' title='bbox 534 2682 640 2771; x_wconf 89' lang='lat' dir='ltr'><strong>iilam,</strong></span> <span class='ocrx_word' id='word_1_157' title='bbox 661 2708 750 2784; x_wconf 91' lang='lat' dir='ltr'><strong>quae</strong></span> <span class='ocrx_word' id='word_1_158' title='bbox 766 2685 878 2759; x_wconf 90' lang='lat' dir='ltr'><strong>adhuc</strong></span> <span class='ocrx_word' id='word_1_159' title='bbox 891 2686 927 2757; x_wconf 93' lang='lat' dir='ltr'><strong>in</strong></span> <span class='ocrx_word' id='word_1_160' title='bbox 940 2685 1025 2784; x_wconf 91' lang='lat' dir='ltr'><strong>ipsis</strong></span> <span class='ocrx_word' id='word_1_161' title='bbox 1043 2702 1095 2760; x_wconf 90' lang='lat' dir='ltr'><strong>est</strong></span> <span class='ocrx_word' id='word_1_162' title='bbox 1106 2708 1148 2760; x_wconf 87' lang='lat' dir='ltr'><strong>ac</strong></span> <span class='ocrx_word' id='word_1_163' title='bbox 1163 2712 1279 2787; x_wconf 81' lang='lat' dir='ltr'><strong>perse-</strong></span> 
     </span>
     <span class='ocr_line' id='line_1_22' title="bbox 164 2797 1279 2901; baseline 0.004 -32"><span class='ocrx_word' id='word_1_164' title='bbox 164 2811 275 2884; x_wconf 89' lang='lat' dir='ltr'><strong>verat;</strong></span> <span class='ocrx_word' id='word_1_165' title='bbox 304 2812 407 2872; x_wconf 87' lang='lat' dir='ltr'><strong>restat</strong></span> <span class='ocrx_word' id='word_1_166' title='bbox 424 2814 461 2872; x_wconf 91' lang='lat' dir='ltr'><strong>ut</strong></span> <span class='ocrx_word' id='word_1_167' title='bbox 478 2797 606 2871; x_wconf 88' lang='lat' dir='ltr'><strong>nuliam</strong></span> <span class='ocrx_word' id='word_1_168' title='bbox 624 2800 726 2873; x_wconf 87' lang='lat' dir='ltr'><strong>aliam</strong></span> <span class='ocrx_word' id='word_1_169' title='bbox 743 2816 870 2900; x_wconf 91' lang='lat' dir='ltr'><strong>partem</strong></span> <span class='ocrx_word' id='word_1_170' title='bbox 888 2800 955 2874; x_wconf 88' lang='lat' dir='ltr'><strong>sihi</strong></span> <span class='ocrx_word' id='word_1_171' title='bbox 973 2826 1129 2899; x_wconf 83' lang='lat' dir='ltr'><strong>arrogare</strong></span> <span class='ocrx_word' id='word_1_172' title='bbox 1146 2803 1279 2901; x_wconf 88' lang='lat' dir='ltr'><strong>possint</strong></span> 
     </span>
     <span class='ocr_line' id='line_1_23' title="bbox 113 2911 1233 3013; baseline 0.008 -31"><span class='ocrx_word' id='word_1_173' title='bbox 113 3008 116 3013; x_wconf 22' lang='lat'>¹</span> <span class='ocrx_word' id='word_1_174' title='bbox 166 2911 232 2985; x_wconf 90' lang='lat' dir='ltr'><strong>nisi</strong></span> <span class='ocrx_word' id='word_1_175' title='bbox 257 2937 344 3000; x_wconf 90' lang='lat' dir='ltr'><strong>eam,</strong></span> <span class='ocrx_word' id='word_1_176' title='bbox 372 2938 460 3012; x_wconf 92' lang='lat' dir='ltr'><strong>quae</strong></span> <span class='ocrx_word' id='word_1_177' title='bbox 485 2913 619 3011; x_wconf 82' lang='lat' dir='ltr'><strong>attingit</strong></span> <span class='ocrx_word' id='word_1_178' title='bbox 643 2915 782 2989; x_wconf 81' lang='lat' dir='ltr'><strong>effeetus</strong></span> <span class='ocrx_word' id='word_1_179' title='bbox 808 2917 990 2989; x_wconf 83' lang='lat' dir='ltr'><strong>exteriores</strong></span> <span class='ocrx_word' id='word_1_180' title='bbox 1016 2932 1049 2989; x_wconf 91' lang='lat' dir='ltr'><strong>et</strong></span> <span class='ocrx_word' id='word_1_181' title='bbox 1071 2916 1200 2990; x_wconf 87' lang='lat' dir='ltr'><strong>civiles.</strong></span> <span class='ocrx_word' id='word_1_182' title='bbox 1230 2941 1233 2948; x_wconf 85' lang='grc'>’</span> 
     </span>
    </p>
   </div>
   <div class='ocr_carea' id='block_1_2' title="bbox 155 3107 1282 4378">
    <p class='ocr_par' dir='ltr' id='par_1_3' title="bbox 160 3107 1282 3816">
     <span class='ocr_line' id='line_1_24' title="bbox 235 3107 1279 3176; baseline 0.002 -17"><span class='ocrx_word' id='word_1_183' title='bbox 235 3107 286 3172; x_wconf 86' lang='grc'>(79)</span> <span class='ocrx_word' id='word_1_184' title='bbox 302 3108 374 3166; x_wconf 84' lang='lat' dir='ltr'><strong>Quod</strong></span> <span class='ocrx_word' id='word_1_185' title='bbox 390 3110 517 3172; x_wconf 86' lang='lat' dir='ltr'><strong>perspicue</strong></span> <span class='ocrx_word' id='word_1_186' title='bbox 532 3109 652 3172; x_wconf 80' lang='lat' dir='ltr'><strong>expressit</strong></span> <span class='ocrx_word' id='word_1_187' title='bbox 666 3108 726 3159; x_wconf 90' lang='lat' dir='ltr'><strong>Pius</strong></span> <span class='ocrx_word' id='word_1_188' title='bbox 740 3112 783 3159; x_wconf 87' lang='lat' dir='ltr'><strong>vi.</strong></span> <span class='ocrx_word' id='word_1_189' title='bbox 796 3110 821 3158; x_wconf 91' lang='lat' dir='ltr'><strong>in</strong></span> <span class='ocrx_word' id='word_1_190' title='bbox 833 3108 984 3176; x_wconf 83' lang='lat' dir='ltr'><strong>suislittaris</strong></span> <span class='ocrx_word' id='word_1_191' title='bbox 995 3109 1027 3160; x_wconf 87' lang='lat' dir='ltr'><strong>ad</strong></span> <span class='ocrx_word' id='word_1_192' title='bbox 1041 3108 1279 3173; x_wconf 75' lang='lat' dir='ltr'><strong>episcopumhgriae</strong></span> 
     </span>
     <span class='ocr_line' id='line_1_25' title="bbox 161 3179 1280 3254; baseline 0.003 -16"><span class='ocrx_word' id='word_1_193' title='bbox 161 3187 225 3240; x_wconf 87' lang='lat' dir='ltr'><strong>datis</strong></span> <span class='ocrx_word' id='word_1_194' title='bbox 237 3195 274 3239; x_wconf 87' lang='lat' dir='ltr'><strong>ti.</strong></span> <span class='ocrx_word' id='word_1_195' title='bbox 285 3188 332 3239; x_wconf 87' lang='lat' dir='ltr'><strong>Iul.</strong></span> <span class='ocrx_word' id='word_1_196' title='bbox 348 3193 413 3240; x_wconf 82' lang='lat'><strong>1789.</strong></span> <span class='ocrx_word' id='word_1_197' title='bbox 424 3190 450 3238; x_wconf 91' lang='lat' dir='ltr'><strong>iu</strong></span> <span class='ocrx_word' id='word_1_198' title='bbox 462 3189 551 3253; x_wconf 89' lang='lat' dir='ltr'><strong>quibus</strong></span> <span class='ocrx_word' id='word_1_199' title='bbox 562 3190 694 3252; x_wconf 88' lang='lat' dir='ltr'><strong>praemissa</strong></span> <span class='ocrx_word' id='word_1_200' title='bbox 705 3189 790 3239; x_wconf 90' lang='lat' dir='ltr'><strong>divina</strong></span> <span class='ocrx_word' id='word_1_201' title='bbox 807 3189 955 3239; x_wconf 83' lang='lat' dir='ltr'><strong>matrimonii</strong></span> <span class='ocrx_word' id='word_1_202' title='bbox 973 3179 1136 3253; x_wconf 89' lang='lat' dir='ltr'><strong>institutione,</strong></span> <span class='ocrx_word' id='word_1_203' title='bbox 1146 3189 1183 3240; x_wconf 83' lang='lat' dir='ltr'><strong>ita</strong></span> <span class='ocrx_word' id='word_1_204' title='bbox 1197 3201 1280 3254; x_wconf 86' lang='lat' dir='ltr'><strong>proae-</strong></span> 
     </span>
     <span class='ocr_line' id='line_1_26' title="bbox 164 3259 1282 3334; baseline 0.004 -15"><span class='ocrx_word' id='word_1_205' title='bbox 164 3269 338 3334; x_wconf 81' lang='lat' dir='ltr'><strong>quitur.«Quo</strong></span> <span class='ocrx_word' id='word_1_206' title='bbox 347 3270 476 3320; x_wconf 81' lang='lat' dir='ltr'><strong>manifeste</strong></span> <span class='ocrx_word' id='word_1_207' title='bbox 487 3273 561 3333; x_wconf 86' lang='lat' dir='ltr'><strong>patet,</strong></span> <span class='ocrx_word' id='word_1_208' title='bbox 570 3270 756 3320; x_wconf 87' lang='lat' dir='ltr'><strong>matrimonium</strong></span> <span class='ocrx_word' id='word_1_209' title='bbox 764 3271 802 3320; x_wconf 89' lang='lat' dir='ltr'><strong>vei</strong></span> <span class='ocrx_word' id='word_1_210' title='bbox 814 3271 839 3320; x_wconf 92' lang='lat' dir='ltr'><strong>in</strong></span> <span class='ocrx_word' id='word_1_211' title='bbox 848 3270 901 3332; x_wconf 89' lang='lat' dir='ltr'><strong>ipso</strong></span> <span class='ocrx_word' id='word_1_212' title='bbox 910 3259 977 3320; x_wconf 82' lang='lat' dir='ltr'><strong>statu</strong></span> <span class='ocrx_word' id='word_1_213' title='bbox 990 3272 1105 3330; x_wconf 88' lang='lat' dir='ltr'><strong>naturae,</strong></span> <span class='ocrx_word' id='word_1_214' title='bbox 1115 3283 1145 3320; x_wconf 88' lang='lat' dir='ltr'><strong>ae</strong></span> <span class='ocrx_word' id='word_1_215' title='bbox 1155 3283 1215 3321; x_wconf 89' lang='lat' dir='ltr'><strong>sane</strong></span> <span class='ocrx_word' id='word_1_216' title='bbox 1224 3271 1282 3323; x_wconf 85' lang='lat' dir='ltr'><strong>ante</strong></span> 
     </span>
     <span class='ocr_line' id='line_1_27' title="bbox 162 3350 1278 3416; baseline 0.004 -16"><span class='ocrx_word' id='word_1_217' title='bbox 162 3350 242 3402; x_wconf 92' lang='lat' dir='ltr'><strong>multo</strong></span> <span class='ocrx_word' id='word_1_218' title='bbox 254 3363 329 3414; x_wconf 88' lang='lat' dir='ltr'><strong>quam</strong></span> <span class='ocrx_word' id='word_1_219' title='bbox 339 3350 371 3400; x_wconf 90' lang='lat' dir='ltr'><strong>ad</strong></span> <span class='ocrx_word' id='word_1_220' title='bbox 382 3351 480 3414; x_wconf 88' lang='lat' dir='ltr'><strong>proprie</strong></span> <span class='ocrx_word' id='word_1_221' title='bbox 492 3351 552 3401; x_wconf 90' lang='lat' dir='ltr'><strong>dicti</strong></span> <span class='ocrx_word' id='word_1_222' title='bbox 562 3352 709 3402; x_wconf 88' lang='lat' dir='ltr'><strong>sacramenti</strong></span> <span class='ocrx_word' id='word_1_223' title='bbox 719 3351 862 3414; x_wconf 81' lang='lat' dir='ltr'><strong>dignitatem</strong></span> <span class='ocrx_word' id='word_1_224' title='bbox 872 3351 1028 3416; x_wconf 83' lang='lat' dir='ltr'><strong>eveheretur,</strong></span> <span class='ocrx_word' id='word_1_225' title='bbox 1036 3352 1072 3402; x_wconf 89' lang='lat' dir='ltr'><strong>sic</strong></span> <span class='ocrx_word' id='word_1_226' title='bbox 1080 3350 1278 3408; x_wconf 84' lang='lat' dir='ltr'><strong>divinitusinsti·</strong></span> 
     </span>
     <span class='ocr_line' id='line_1_28' title="bbox 163 3429 1279 3496; baseline 0.002 -16"><span class='ocrx_word' id='word_1_227' title='bbox 163 3431 245 3480; x_wconf 90' lang='lat' dir='ltr'><strong>tutum</strong></span> <span class='ocrx_word' id='word_1_228' title='bbox 258 3442 326 3493; x_wconf 89' lang='lat' dir='ltr'><strong>esse,</strong></span> <span class='ocrx_word' id='word_1_229' title='bbox 338 3430 366 3478; x_wconf 93' lang='lat' dir='ltr'><strong>ut</strong></span> <span class='ocrx_word' id='word_1_230' title='bbox 380 3443 462 3479; x_wconf 89' lang='lat' dir='ltr'><strong>secum</strong></span> <span class='ocrx_word' id='word_1_231' title='bbox 482 3429 569 3480; x_wconf 83' lang='lat' dir='ltr'><strong>atterat</strong></span> <span class='ocrx_word' id='word_1_232' title='bbox 584 3433 729 3494; x_wconf 88' lang='lat' dir='ltr'><strong>perpetuum</strong></span> <span class='ocrx_word' id='word_1_233' title='bbox 744 3430 987 3494; x_wconf 83' lang='lat' dir='ltr'><strong>indissolubilemque</strong></span> <span class='ocrx_word' id='word_1_234' title='bbox 1002 3444 1106 3493; x_wconf 85' lang='lat' dir='ltr'><strong>nexum,</strong></span> <span class='ocrx_word' id='word_1_235' title='bbox 1121 3432 1164 3494; x_wconf 87' lang='lat' dir='ltr'><strong>qui</strong></span> <span class='ocrx_word' id='word_1_236' title='bbox 1175 3430 1279 3496; x_wconf 89' lang='lat' dir='ltr'><strong>proinde</strong></span> 
     </span>
     <span class='ocr_line' id='line_1_29' title="bbox 161 3508 1278 3575; baseline 0.003 -16"><span class='ocrx_word' id='word_1_237' title='bbox 161 3510 230 3560; x_wconf 86' lang='lat' dir='ltr'><strong>nnita</strong></span> <span class='ocrx_word' id='word_1_238' title='bbox 240 3509 308 3560; x_wconf 81' lang='lat' dir='ltr'><strong>cirili</strong></span> <span class='ocrx_word' id='word_1_239' title='bbox 320 3511 373 3573; x_wconf 84' lang='lat' dir='ltr'><strong>tege</strong></span> <span class='ocrx_word' id='word_1_240' title='bbox 383 3510 446 3560; x_wconf 87' lang='lat' dir='ltr'><strong>solvi</strong></span> <span class='ocrx_word' id='word_1_241' title='bbox 458 3512 541 3572; x_wconf 88' lang='lat' dir='ltr'><strong>queat.</strong></span> <span class='ocrx_word' id='word_1_242' title='bbox 549 3512 702 3574; x_wconf 87' lang='lat' dir='ltr'><strong>ltaqueiicet</strong></span> <span class='ocrx_word' id='word_1_243' title='bbox 710 3508 930 3563; x_wconf 80' lang='lat' dir='ltr'><strong>sacramenttratio</strong></span> <span class='ocrx_word' id='word_1_244' title='bbox 940 3524 955 3560; x_wconf 93' lang='lat' dir='ltr'><strong>a</strong></span> <span class='ocrx_word' id='word_1_245' title='bbox 967 3512 1124 3563; x_wconf 88' lang='lat' dir='ltr'><strong>matrimonio</strong></span> <span class='ocrx_word' id='word_1_246' title='bbox 1132 3512 1227 3575; x_wconf 78' lang='lat' dir='ltr'><strong>seiungi</strong></span> <span class='ocrx_word' id='word_1_247' title='bbox 1236 3524 1278 3562; x_wconf 86' lang='lat' dir='ltr'><strong>va·</strong></span> 
     </span>
     <span class='ocr_line' id='line_1_30' title="bbox 161 3590 1280 3656; baseline 0.003 -16"><span class='ocrx_word' id='word_1_248' title='bbox 161 3590 224 3654; x_wconf 84' lang='lat' dir='ltr'><strong>leat,</strong></span> <span class='ocrx_word' id='word_1_249' title='bbox 240 3590 315 3640; x_wconf 88' lang='lat' dir='ltr'><strong>velut</strong></span> <span class='ocrx_word' id='word_1_250' title='bbox 325 3591 388 3640; x_wconf 89' lang='lat' dir='ltr'><strong>inter</strong></span> <span class='ocrx_word' id='word_1_251' title='bbox 406 3590 533 3653; x_wconf 82' lang='lat' dir='ltr'><strong>infideles,</strong></span> <span class='ocrx_word' id='word_1_252' title='bbox 545 3591 627 3641; x_wconf 88' lang='lat' dir='ltr'><strong>adhue</strong></span> <span class='ocrx_word' id='word_1_253' title='bbox 637 3594 720 3640; x_wconf 89' lang='lat' dir='ltr'><strong>tamen</strong></span> <span class='ocrx_word' id='word_1_254' title='bbox 729 3591 756 3641; x_wconf 89' lang='lat' dir='ltr'><strong>in</strong></span> <span class='ocrx_word' id='word_1_255' title='bbox 765 3592 810 3641; x_wconf 89' lang='lat' dir='ltr'><strong>tali</strong></span> <span class='ocrx_word' id='word_1_256' title='bbox 817 3591 989 3654; x_wconf 88' lang='lat' dir='ltr'><strong>matrimonio,</strong></span> <span class='ocrx_word' id='word_1_257' title='bbox 1005 3591 1126 3656; x_wconf 85' lang='lat' dir='ltr'><strong>siquidem</strong></span> <span class='ocrx_word' id='word_1_258' title='bbox 1141 3604 1226 3642; x_wconf 86' lang='lat' dir='ltr'><strong>verum</strong></span> <span class='ocrx_word' id='word_1_259' title='bbox 1242 3592 1280 3643; x_wconf 87' lang='lat' dir='ltr'><strong>est</strong></span> 
     </span>
     <span class='ocr_line' id='line_1_31' title="bbox 162 3669 1282 3736; baseline 0.002 -16"><span class='ocrx_word' id='word_1_260' title='bbox 162 3671 360 3735; x_wconf 86' lang='lat' dir='ltr'><strong>matrimonium,</strong></span> <span class='ocrx_word' id='word_1_261' title='bbox 371 3674 479 3736; x_wconf 86' lang='lat' dir='ltr'><strong>perstare</strong></span> <span class='ocrx_word' id='word_1_262' title='bbox 490 3671 572 3734; x_wconf 87' lang='lat' dir='ltr'><strong>debet,</strong></span> <span class='ocrx_word' id='word_1_263' title='bbox 580 3672 730 3734; x_wconf 83' lang='lat' dir='ltr'><strong>omninoque</strong></span> <span class='ocrx_word' id='word_1_264' title='bbox 741 3675 833 3736; x_wconf 88' lang='lat' dir='ltr'><strong>perstat</strong></span> <span class='ocrx_word' id='word_1_265' title='bbox 841 3675 974 3736; x_wconf 87' lang='lat' dir='ltr'><strong>perpetuus</strong></span> <span class='ocrx_word' id='word_1_266' title='bbox 983 3671 1025 3722; x_wconf 87' lang='lat' dir='ltr'><strong>ilie</strong></span> <span class='ocrx_word' id='word_1_267' title='bbox 1035 3686 1121 3732; x_wconf 82' lang='lat' dir='ltr'><strong>nexus,</strong></span> <span class='ocrx_word' id='word_1_268' title='bbox 1129 3672 1172 3734; x_wconf 86' lang='lat' dir='ltr'><strong>qui</strong></span> <span class='ocrx_word' id='word_1_269' title='bbox 1179 3685 1194 3721; x_wconf 89' lang='lat' dir='ltr'><strong>a</strong></span> <span class='ocrx_word' id='word_1_270' title='bbox 1201 3669 1282 3734; x_wconf 84' lang='lat' dir='ltr'><strong>primu</strong></span> 
     </span>
     <span class='ocr_line' id='line_1_32' title="bbox 160 3750 1206 3816; baseline 0.001 -15"><span class='ocrx_word' id='word_1_271' title='bbox 160 3751 254 3814; x_wconf 86' lang='lat' dir='ltr'><strong>origine</strong></span> <span class='ocrx_word' id='word_1_272' title='bbox 264 3751 350 3802; x_wconf 90' lang='lat' dir='ltr'><strong>divino</strong></span> <span class='ocrx_word' id='word_1_273' title='bbox 364 3751 417 3802; x_wconf 87' lang='lat' dir='ltr'><strong>inre</strong></span> <span class='ocrx_word' id='word_1_274' title='bbox 426 3753 583 3802; x_wconf 85' lang='lat' dir='ltr'><strong>matrimonio</strong></span> <span class='ocrx_word' id='word_1_275' title='bbox 597 3752 632 3802; x_wconf 85' lang='lat' dir='ltr'><strong>ita</strong></span> <span class='ocrx_word' id='word_1_276' title='bbox 645 3751 773 3814; x_wconf 86' lang='lat' dir='ltr'><strong>adhaeret,</strong></span> <span class='ocrx_word' id='word_1_277' title='bbox 787 3755 814 3802; x_wconf 92' lang='lat' dir='ltr'><strong>ut</strong></span> <span class='ocrx_word' id='word_1_278' title='bbox 824 3753 886 3803; x_wconf 91' lang='lat' dir='ltr'><strong>nuiii</strong></span> <span class='ocrx_word' id='word_1_279' title='bbox 897 3752 978 3803; x_wconf 84' lang='lat' dir='ltr'><strong>subsit</strong></span> <span class='ocrx_word' id='word_1_280' title='bbox 987 3753 1054 3803; x_wconf 88' lang='lat' dir='ltr'><strong>civili</strong></span> <span class='ocrx_word' id='word_1_281' title='bbox 1067 3750 1206 3816; x_wconf 83' lang='lat' dir='ltr'><strong>potestati.»</strong></span> 
     </span>
    </p>

    <p class='ocr_par' dir='ltr' id='par_1_4' title="bbox 155 3832 1279 4378">
     <span class='ocr_line' id='line_1_33' title="bbox 237 3832 1277 3896; baseline 0 -14"><span class='ocrx_word' id='word_1_282' title='bbox 237 3833 288 3894; x_wconf 80' lang='lat' dir='ltr'><strong>(tto)</strong></span> <span class='ocrx_word' id='word_1_283' title='bbox 303 3833 396 3883; x_wconf 85' lang='lat' dir='ltr'><strong>Debeo</strong></span> <span class='ocrx_word' id='word_1_284' title='bbox 406 3836 548 3896; x_wconf 82' lang='lat' dir='ltr'><strong>argumento</strong></span> <span class='ocrx_word' id='word_1_285' title='bbox 559 3834 612 3884; x_wconf 85' lang='lat' dir='ltr'><strong>tuse</strong></span> <span class='ocrx_word' id='word_1_286' title='bbox 624 3834 686 3884; x_wconf 85' lang='lat' dir='ltr'><strong>etex</strong></span> <span class='ocrx_word' id='word_1_287' title='bbox 698 3834 808 3895; x_wconf 81' lang='lat' dir='ltr'><strong>professo</strong></span> <span class='ocrx_word' id='word_1_288' title='bbox 822 3846 923 3896; x_wconf 78' lang='lat' dir='ltr'><strong>agemus</strong></span> <span class='ocrx_word' id='word_1_289' title='bbox 933 3834 1046 3885; x_wconf 81' lang='lat' dir='ltr'><strong>inattcro</strong></span> <span class='ocrx_word' id='word_1_290' title='bbox 1061 3832 1277 3895; x_wconf 64' lang='lat' dir='ltr'><strong>librotieteruto,</strong></span> 
     </span>
     <span class='ocr_line' id='line_1_34' title="bbox 160 3911 1278 3985; baseline 0 -23"><span class='ocrx_word' id='word_1_291' title='bbox 160 3913 182 3962; x_wconf 86' lang='lat' dir='ltr'><strong>ai</strong></span> <span class='ocrx_word' id='word_1_292' title='bbox 191 3911 233 3962; x_wconf 88' lang='lat' dir='ltr'><strong>oui</strong></span> <span class='ocrx_word' id='word_1_293' title='bbox 246 3912 329 3963; x_wconf 88' lang='lat' dir='ltr'><strong>minus</strong></span> <span class='ocrx_word' id='word_1_294' title='bbox 338 3913 445 3963; x_wconf 90' lang='lat' dir='ltr'><strong>arrideat</strong></span> <span class='ocrx_word' id='word_1_295' title='bbox 458 3915 517 3964; x_wconf 87' lang='lat' dir='ltr'><strong>haec</strong></span> <span class='ocrx_word' id='word_1_296' title='bbox 528 3916 657 3976; x_wconf 87' lang='lat' dir='ltr'><strong>sententia,</strong></span> <span class='ocrx_word' id='word_1_297' title='bbox 666 3917 833 3985; x_wconf 87' lang='lat' dir='ltr'><strong>quampostca</strong></span> <span class='ocrx_word' id='word_1_298' title='bbox 845 3913 1011 3977; x_wconf 78' lang='lat' dir='ltr'><strong>excutiemus,</strong></span> <span class='ocrx_word' id='word_1_299' title='bbox 1023 3914 1048 3963; x_wconf 90' lang='lat' dir='ltr'><strong>in</strong></span> <span class='ocrx_word' id='word_1_300' title='bbox 1057 3915 1172 3976; x_wconf 89' lang='lat' dir='ltr'><strong>promptu</strong></span> <span class='ocrx_word' id='word_1_301' title='bbox 1181 3925 1278 3975; x_wconf 87' lang='lat' dir='ltr'><strong>semper</strong></span> 
     </span>
     <span class='ocr_line' id='line_1_35' title="bbox 162 3992 1278 4057; baseline 0 -14"><span class='ocrx_word' id='word_1_302' title='bbox 162 3994 200 4043; x_wconf 88' lang='lat' dir='ltr'><strong>eat</strong></span> <span class='ocrx_word' id='word_1_303' title='bbox 210 3994 350 4056; x_wconf 85' lang='lat' dir='ltr'><strong>responsio,</strong></span> <span class='ocrx_word' id='word_1_304' title='bbox 360 3993 428 4056; x_wconf 89' lang='lat' dir='ltr'><strong>qnod</strong></span> <span class='ocrx_word' id='word_1_305' title='bbox 438 4005 481 4057; x_wconf 90' lang='lat' dir='ltr'><strong>per</strong></span> <span class='ocrx_word' id='word_1_306' title='bbox 488 3994 638 4044; x_wconf 87' lang='lat' dir='ltr'><strong>erectionem</strong></span> <span class='ocrx_word' id='word_1_307' title='bbox 647 3996 786 4044; x_wconf 87' lang='lat' dir='ltr'><strong>contractus</strong></span> <span class='ocrx_word' id='word_1_308' title='bbox 796 3993 933 4057; x_wconf 85' lang='lat' dir='ltr'><strong>coniugalis</strong></span> <span class='ocrx_word' id='word_1_309' title='bbox 941 3993 972 4043; x_wconf 89' lang='lat' dir='ltr'><strong>ad</strong></span> <span class='ocrx_word' id='word_1_310' title='bbox 981 3993 1124 4056; x_wconf 84' lang='lat' dir='ltr'><strong>dignitatem</strong></span> <span class='ocrx_word' id='word_1_311' title='bbox 1131 3992 1278 4043; x_wconf 88' lang='lat' dir='ltr'><strong>sacramenti</strong></span> 
     </span>
     <span class='ocr_line' id='line_1_36' title="bbox 160 4072 1279 4138; baseline 0.002 -16"><span class='ocrx_word' id='word_1_312' title='bbox 160 4074 287 4124; x_wconf 73' lang='lat' dir='ltr'><strong>achrmto</strong></span> <span class='ocrx_word' id='word_1_313' title='bbox 298 4075 404 4137; x_wconf 66' lang='lat' dir='ltr'><strong>iactam</strong></span> <span class='ocrx_word' id='word_1_314' title='bbox 418 4075 465 4125; x_wconf 91' lang='lat' dir='ltr'><strong>hoc</strong></span> <span class='ocrx_word' id='word_1_315' title='bbox 476 4075 530 4138; x_wconf 85' lang='lat' dir='ltr'><strong>ipso</strong></span> <span class='ocrx_word' id='word_1_316' title='bbox 540 4075 725 4125; x_wconf 87' lang='lat' dir='ltr'><strong>matrimonium</strong></span> <span class='ocrx_word' id='word_1_317' title='bbox 742 4076 923 4125; x_wconf 86' lang='lat' dir='ltr'><strong>sacramentum</strong></span> <span class='ocrx_word' id='word_1_318' title='bbox 932 4087 947 4124; x_wconf 90' lang='lat' dir='ltr'><strong>a</strong></span> <span class='ocrx_word' id='word_1_319' title='bbox 956 4073 1108 4137; x_wconf 87' lang='lat' dir='ltr'><strong>principibus</strong></span> <span class='ocrx_word' id='word_1_320' title='bbox 1125 4072 1279 4124; x_wconf 78' lang='lat' dir='ltr'><strong>subtractum</strong></span> 
     </span>
     <span class='ocr_line' id='line_1_37' title="bbox 161 4153 1278 4219; baseline 0.001 -17"><span class='ocrx_word' id='word_1_321' title='bbox 161 4154 286 4204; x_wconf 82' lang='lat' dir='ltr'><strong>achristo</strong></span> <span class='ocrx_word' id='word_1_322' title='bbox 296 4156 343 4218; x_wconf 86' lang='lat' dir='ltr'><strong>sit,</strong></span> <span class='ocrx_word' id='word_1_323' title='bbox 358 4168 387 4204; x_wconf 87' lang='lat' dir='ltr'><strong>ae</strong></span> <span class='ocrx_word' id='word_1_324' title='bbox 398 4155 519 4218; x_wconf 88' lang='lat' dir='ltr'><strong>principes</strong></span> <span class='ocrx_word' id='word_1_325' title='bbox 531 4155 574 4218; x_wconf 88' lang='lat' dir='ltr'><strong>qni</strong></span> <span class='ocrx_word' id='word_1_326' title='bbox 584 4155 728 4219; x_wconf 85' lang='lat' dir='ltr'><strong>profitentur</strong></span> <span class='ocrx_word' id='word_1_327' title='bbox 740 4154 881 4218; x_wconf 83' lang='lat' dir='ltr'><strong>religionem</strong></span> <span class='ocrx_word' id='word_1_328' title='bbox 896 4155 1066 4217; x_wconf 88' lang='lat' dir='ltr'><strong>christianam,</strong></span> <span class='ocrx_word' id='word_1_329' title='bbox 1078 4167 1169 4204; x_wconf 89' lang='lat' dir='ltr'><strong>novam</strong></span> <span class='ocrx_word' id='word_1_330' title='bbox 1181 4153 1278 4204; x_wconf 89' lang='lat' dir='ltr'><strong>relatio·</strong></span> 
     </span>
     <span class='ocr_line' id='line_1_38' title="bbox 155 4233 1275 4297; baseline -0.003 -13"><span class='ocrx_word' id='word_1_331' title='bbox 155 4246 212 4284; x_wconf 88' lang='lat' dir='ltr'><strong>nem</strong></span> <span class='ocrx_word' id='word_1_332' title='bbox 224 4247 282 4297; x_wconf 82' lang='lat' dir='ltr'><strong>erga</strong></span> <span class='ocrx_word' id='word_1_333' title='bbox 291 4234 419 4284; x_wconf 88' lang='lat' dir='ltr'><strong>ecclesiam</strong></span> <span class='ocrx_word' id='word_1_334' title='bbox 432 4233 537 4296; x_wconf 86' lang='lat' dir='ltr'><strong>habere,</strong></span> <span class='ocrx_word' id='word_1_335' title='bbox 552 4247 616 4296; x_wconf 89' lang='lat' dir='ltr'><strong>quae</strong></span> <span class='ocrx_word' id='word_1_336' title='bbox 626 4248 675 4283; x_wconf 91' lang='lat' dir='ltr'><strong>non</strong></span> <span class='ocrx_word' id='word_1_337' title='bbox 685 4235 744 4284; x_wconf 89' lang='lat' dir='ltr'><strong>sinit</strong></span> <span class='ocrx_word' id='word_1_338' title='bbox 753 4247 795 4284; x_wconf 90' lang='lat' dir='ltr'><strong>eos</strong></span> <span class='ocrx_word' id='word_1_339' title='bbox 805 4234 831 4284; x_wconf 92' lang='lat' dir='ltr'><strong>in</strong></span> <span class='ocrx_word' id='word_1_340' title='bbox 840 4234 947 4296; x_wconf 82' lang='lat' dir='ltr'><strong>coniugii</strong></span> <span class='ocrx_word' id='word_1_341' title='bbox 958 4233 1084 4283; x_wconf 86' lang='lat' dir='ltr'><strong>vinculum</strong></span> <span class='ocrx_word' id='word_1_342' title='bbox 1095 4234 1197 4296; x_wconf 90' lang='lat' dir='ltr'><strong>antiqua</strong></span> <span class='ocrx_word' id='word_1_343' title='bbox 1207 4233 1275 4295; x_wconf 87' lang='lat' dir='ltr'><strong>iura,</strong></span> 
     </span>
     <span class='ocr_line' id='line_1_39' title="bbox 159 4313 1276 4378; baseline 0.003 -17"><span class='ocrx_word' id='word_1_344' title='bbox 159 4313 180 4362; x_wconf 89' lang='lat' dir='ltr'><strong>si</strong></span> <span class='ocrx_word' id='word_1_345' title='bbox 191 4327 255 4376; x_wconf 83' lang='lat' dir='ltr'><strong>quae</strong></span> <span class='ocrx_word' id='word_1_346' title='bbox 267 4327 375 4378; x_wconf 85' lang='lat' dir='ltr'><strong>unquam</strong></span> <span class='ocrx_word' id='word_1_347' title='bbox 386 4315 536 4377; x_wconf 88' lang='lat' dir='ltr'><strong>habuerunt,</strong></span> <span class='ocrx_word' id='word_1_348' title='bbox 549 4327 709 4376; x_wconf 81' lang='lat' dir='ltr'><strong>conservare,</strong></span> <span class='ocrx_word' id='word_1_349' title='bbox 721 4315 749 4364; x_wconf 87' lang='lat' dir='ltr'><strong>ut</strong></span> <span class='ocrx_word' id='word_1_350' title='bbox 759 4313 783 4362; x_wconf 96' lang='lat' dir='ltr'><strong>in</strong></span> <span class='ocrx_word' id='word_1_351' title='bbox 793 4314 905 4377; x_wconf 89' lang='lat' dir='ltr'><strong>pluribus</strong></span> <span class='ocrx_word' id='word_1_352' title='bbox 916 4313 984 4376; x_wconf 87' lang='lat' dir='ltr'><strong>aliis,</strong></span> <span class='ocrx_word' id='word_1_353' title='bbox 997 4315 1080 4364; x_wconf 88' lang='lat' dir='ltr'><strong>utana</strong></span> <span class='ocrx_word' id='word_1_354' title='bbox 1091 4314 1146 4366; x_wconf 88' lang='lat' dir='ltr'><strong>loeo</strong></span> <span class='ocrx_word' id='word_1_355' title='bbox 1157 4313 1276 4365; x_wconf 85' lang='lat' dir='ltr'><strong>dicemus.</strong></span> 
     </span>
    </p>
   </div>
   <div class='ocr_carea' id='block_1_3' title="bbox 0 0 1440 5062">
    <p class='ocr_par' dir='ltr' id='par_1_5' title="bbox 0 0 1440 5062">
     <span class='ocr_line' id='line_1_40' title="bbox 0 0 1440 5062; baseline 0 4"><span class='ocrx_word' id='word_1_356' title='bbox 0 0 1440 5062; x_wconf 95' lang='lat' dir='ltr'><strong> </strong></span> 
     </span>
    </p>
   </div>
  </div>
 </body>
</html>
