2872 5062
223 337 292 409 354
416 360 476 409 m.
499 361 521 407 Ι.
543 360 629 408 secr.
652 360 781 408 serent.
805 360 844 407 DE
870 360 1003 408 ΙΔΤΙΙΙ.
1024 359 1132 408 (livild.

221 494 330 576 potest
343 502 420 549 esse
433 478 624 550 necessaria
638 477 681 549 ad
695 476 870 548 vitandum
888 476 1013 548 malum
1031 476 1202 564 deterius;
1221 494 1337 550 neutra

222 619 383 692 umquam
403 609 512 691 potest
535 619 613 666 esse
640 592 824 678 illimitata;
850 593 1003 691 alioquin
1023 592 1185 666 deberent
1208 592 1340 666 admitti

224 708 519 782 indiscriminatim
546 708 657 781 cultus
682 735 799 782 omnes
822 709 923 781 etiam
953 708 1198 783 abominabiles
1224 724 1259 782 et
1284 709 1346 781 im·

223 825 387 909 morales,
405 851 466 897 nec
480 851 546 897 non
560 826 675 899 omnia
692 825 838 924 permitti
858 825 1027 909 facinora,
1054 841 1156 923 atque
1179 851 1347 899 excessus

223 969 352 1025 omnes,
374 941 417 1013 ad
436 969 522 1041 quos
540 941 744 1014 effraenatae
761 940 967 1039 cupiditates
994 940 1148 1013 homines
1174 940 1344 1014 interdum

226 1059 373 1157 rapiunt.
392 1057 488 1144 Quod
515 1084 614 1131 nemo
639 1057 789 1155 prolecto
807 1056 914 1140 volet,
937 1081 1000 1128 nec
1016 1055 1123 1127 ullum
1141 1055 1344 1152 gubernium

225 1174 391 1247 eiusmodi
418 1173 628 1247 tolerantiam
656 1174 841 1271 prolitetur.

296 1288 366 1361 Sub
388 1306 507 1363 neutro
533 1306 644 1362 autern
666 1289 731 1362 hoc
753 1289 848 1361 titulo
875 1305 984 1386 potest
1001 1288 1052 1360 lex
1073 1288 1198 1361 sanciri
1216 1287 1260 1361 de
1278 1315 1349 1360 ma-

226 1406 383 1479 trimonio
417 1406 530 1491 civili;
569 1411 635 1479 non
665 1405 803 1504 quidem
830 1403 894 1477 sub
920 1403 1017 1476 titulo
1042 1403 1244 1477 tolerantiae
1271 1404 1349 1477 reli-

224 1520 340 1617 giosae
366 1519 503 1618 quando
529 1520 707 1618 imperium
725 1536 778 1592 est
794 1519 1021 1603 catholicum,
1046 1519 1128 1617 quia
1154 1517 1274 1615 religio
1292 1545 1348 1591 ca·

226 1635 351 1708 tholica
375 1637 505 1735 respuit
521 1661 562 1707 ac
578 1635 717 1708 damnat
741 1634 808 1707 tale
829 1635 1042 1731 coniugium
1064 1634 1233 1732 legislatio
1249 1660 1343 1721 vern,

226 1777 315 1851 quae
341 1751 536 1824 harmonice
556 1750 736 1824 cohaereat
756 1775 832 1822 cum
856 1749 1019 1847 religione
1035 1749 1216 1835 catholica,
1233 1751 1346 1848 ipsum

228 1891 388 1965 respuere
415 1865 540 1964 pariter
563 1865 663 1938 debet
680 1868 770 1960 (tt).
794 1865 831 1935 ld
856 1890 934 1936 vero
960 1880 1053 1937 tanto
1078 1864 1189 1962 magis
1220 1881 1349 1963 quanto

227 1983 396 2054 eiusmodi
415 1981 479 2066 lex,
501 2008 571 2080 qua
596 1982 840 2080 permitteretur
866 1981 1006 2053 omissio
1029 1979 1141 2065 illius,
1167 2006 1271 2079 quem
1289 2006 1348 2053 vo-

226 2112 324 2182 cant,
341 2098 426 2168 ritus
440 2094 603 2193 religiosi,
621 2095 760 2168 haberet
776 2095 916 2168 effectus
934 2095 1116 2193 positivos,
1133 2112 1232 2195 prout
1248 2096 1347 2168 toties

227 2211 544 2297 animadvertimus,
561 2210 686 2310 quibus
706 2211 797 2283 litut
814 2209 1002 2282 catholicus
1021 2208 1227 2308 impediatur
1243 2210 1349 2283 adim-

227 2327 320 2425 plere
338 2326 415 2401 illas
434 2327 671 2424 obligationes,
694 2352 781 2425 quas
806 2328 880 2399 eius
906 2325 1114 2399 conscientia
1138 2325 1283 2424 abipso
1307 2327 1351 2398 el·

225 2445 372 2542 flagitat,
393 2444 547 2542 adeoque
564 2442 752 2516 laederetur
768 2470 809 2514 ex
826 2442 926 2516 dictis
944 2442 1083 2515 libertas
1103 2443 1344 2516 conscientiae.

227 2561 343 2658 Neque
373 2559 438 2631 sub
467 2558 566 2631 titulo
596 2557 794 2630 tolerantiae
825 2558 956 2643 civilis,
984 2558 1065 2656 quia
1090 2558 1155 2629 hac
1179 2556 1257 2655 lege
1281 2584 1348 2631 non

230 2677 340 2749 solum
367 2678 616 2774 permitteretur
640 2675 765 2748 malum
792 2676 867 2748 sine
893 2675 1092 2774 punitione,
1121 2675 1181 2747 sed
1208 2676 1348 2750 interre-

231 2809 303 2878 tur;
333 2790 503 2890 siquidem
528 2807 704 2864 vocaretur
725 2791 976 2864 matrimonium
995 2789 1086 2889 quod
1105 2790 1172 2863 tale
1189 2816 1258 2864 non
1277 2806 1355 2878 est,

230 2908 504 2982 cohonestaretur
521 2907 585 2980 hoe
604 2907 738 2979 nomine
756 2909 845 3006 quod
865 2923 916 2981 est
932 2933 993 3005 per
1009 2933 1047 2980 se
1064 2905 1210 2993 malum,
1228 2933 1349 3005 nempe

229 3022 473 3096 concubinatus
500 3038 558 3095 aut
583 3023 777 3109 fornicatio,
798 3024 898 3096 etsie
923 3023 975 3096 lex
1001 3023 1156 3095 illuderet
1175 3023 1291 3109 cives,
1314 3022 1347 3091 in

230 3165 375 3211 errorem
401 3138 608 3237 pertraheret
632 3139 885 3238 turpissimum,
907 3153 1062 3238 putantes
1087 3162 1126 3210 se
1150 3117 1349 3211 contrahere

228 3255 440 3349 coniugium,
465 3255 545 3326 dum
568 3282 634 3327 non
661 3272 713 3328 est
739 3255 807 3327 nisi
832 3255 1024 3328 coniunctio
1041 3280 1132 3326 mere
1149 3254 1342 3328 fornicaria.

229 3369 279 3441 Ad
305 3395 474 3442 summum
500 3388 616 3470 posset
640 3371 692 3443 lex
719 3370 828 3444 civilis
854 3371 1040 3456 declarare,
1062 3370 1153 3470 quod
1176 3387 1350 3471 tamquam

301 3613 352 3675 (ta)
368 3613 441 3671 Quod
449 3615 560 3678 apprime
570 3616 687 3679 cognovit
697 3628 727 3666 ac
737 3614 861 3678 prosena
872 3618 910 3665 est
918 3619 949 3665 D.
957 3613 1065 3665 Pertalis
1074 3613 1156 3664 senior
1166 3613 1278 3664 oberans
1288 3613 1349 3664 dot·

228 3693 370 3746 cordatum
382 3697 556 3759 tattcorpori
568 3697 714 3760 legislatio,
728 3698 752 3746 et
762 3696 799 3746 sio
809 3696 889 3760 ipsum
901 3697 990 3747 effatus
999 3697 1049 3746 est:
1062 3694 1207 3758 «Quelques
1218 3705 1350 3758 personnes

228 3788 255 3825 sc
262 3774 406 3840 plalndront
416 3775 447 3826 dc
457 3789 485 3825 ce
495 3790 544 3840 que
554 3777 603 3827 l'on
614 3777 653 3827 n’a
664 3790 709 3840 pas
719 3777 837 3827 conserve
847 3777 871 3826 le
880 3776 988 3840 maiiage
998 3775 1042 3826 des
1051 3776 1160 3840 pretres3
1171 3776 1241 3824 mats
1250 3773 1353 3838 lorsque

229 3855 281 3906 t'on
300 3855 406 3917 adunet,
428 3871 463 3907 ou
480 3870 532 3922 que
548 3857 600 3908 l'on
618 3870 805 3908 conameeuae
818 3856 943 3920 rettulere,
960 3855 1059 3918 tlsoat
1070 3855 1098 3906 lo
1110 3854 1182 3919 rtotr
1194 3853 1303 3919 sama
1313 3866 1354 3904 cet

101 3958 103 3965 r
194 3971 199 3981 ·
226 3940 371 4003 prtnctpes.
384 3938 447 4000 Mais
466 3939 585 4002 s’arroger
605 3938 802 3990 arbitratrement
812 3939 844 3989 de
855 3939 1034 4002 perlectionncr
1049 3937 1085 3986 les
1098 3935 1249 3987 idtesetles
1261 3934 1352 3989 institut·

232 4016 297 4067 tiens
316 4017 468 4082 religieuses,
483 4021 540 4069 sont
558 4019 601 4069 des
620 4019 769 4082 preteutlons
788 4018 982 4069 contraireshla
994 4019 1081 4067 nature
1100 4016 1144 4065 des
1162 4015 1259 4066 choses.
1272 4019 1310 4066 on
1324 4027 1352 4062 ne

232 4099 343 4160 pourrait
359 4099 534 4163 entreprendre
545 4099 576 4149 de
586 4093 764 4163 perfeetionncr
775 4112 823 4149 une
833 4099 935 4162 religion
952 4111 1010 4148 sans
1027 4096 1145 4147 eonvenir
1159 4096 1254 4160 qu'elle
1267 4097 1304 4146 eat
1320 4093 1354 4142 vl·

233 4179 315 4231 clause
334 4183 359 4232 et
375 4180 592 4245 comaquennent
610 4193 667 4232 sans
685 4180 712 4229 la
730 4179 840 4231 detruire
850 4193 895 4244 prr
910 4180 946 4229 les
957 4190 1058 4242 morans
1072 4176 1176 4228 ‹lonton
1190 4177 1284 4228 usermt
1292 4187 1353 4240 pour

229 4260 359 4311 l'etablir.»
368 4264 524 4325 Quamquam
534 4263 559 4311 in
571 4261 638 4321 aliis,
650 4263 678 4312 ut
688 4261 773 4326 postea
784 4260 934 4322 videbimus,
950 4260 1001 4324 ipse
1011 4258 1058 4310 sibi
1070 4259 1185 4309 constans
1196 4257 1222 4308 in
1232 4258 1280 4308 hoc
1291 4253 1352 4320 prin·

227 4339 292 4402 ctplo
306 4352 355 4391 non
368 4341 451 4392 lucrtt.
