2872 5062
236 359 1172 431 mammonin.nrrrmr,succurrurxrnrrgs,rrum.
1229 346 1271 431 ll

159 496 253 580 patet
276 480 368 580 haud
393 506 519 580 paucos
536 497 672 561 ·veteres
697 479 848 581 Apostoli
880 480 981 567 verba
1008 484 1211 585 exposuisse·
1230 485 1274 560 dc

158 596 336 693 coniugio,
367 610 533 695 quatenus
559 613 615 669 aut
640 613 716 670 aute
742 595 867 670 Christi
884 597 1063 671 adventum
1080 614 1197 698 typum
1210 625 1274 697 gae.

159 711 256 793 rebat
277 711 409 798 suturae
433 711 679 803 coniunctionis
696 711 819 785 Christi
846 738 921 805 cum
942 711 1100 799 ecclesia,
1116 729 1181 788 aut
1197 732 1275 814 post

158 828 236 907 ,ιιιιι
258 827 457 914 adventum,
479 826 630 909 eamdem
651 827 919 920 coniunctionem
943 854 983 900 ac
1008 829 1204 927 mysterium
1220 831 1273 902 in-

161 939 383 1030 carnationis
389 939 425 1011 ιιι
454 965 511 1013 se
519 955 764 1038 repraesentat,
792 941 889 1014 cuius
915 941 1056 1069 signum
1073 967 1113 1015 ac
1138 943 1274 1042 symbo-

160 1055 230 1142 lum
253 1070 328 1143 est,
357 1070 390 1141 ct
414 1054 552 1154 quidem
568 1055 697 1151 efficax
716 1055 849 1152 gratiae
873 1054 917 1127 ad
943 1057 1058 1129 munia
1082 1056 1270 1155 implenda,

160 1195 248 1269 quac
265 1169 391 1242 ibidem
406 1169 587 1268 Apostolus
613 1142 812 1267 coniugibus
829 1169 1025 1243 christianis
1048 1171 1269 1265 commendat.

158 1286 276 1384 Neque
300 1284 356 1357 his
383 1283 555 1383 patribus
560 1284 618 1357 ulii
643 1284 880 1381 adversantur,
917 1284 976 1382 qui
1008 1284 1273 1379 benedictionem

157 1424 219 1483 seu
244 1400 316 1474 vim
340 1400 486 1497 gratiae
492 1376 714 1477 conserendae
741 1399 907 1496 coniugiis
933 1399 1212 1495 christianorum
1221 1427 1273 1496 re·

158 1528 274 1612 petunt
302 1540 345 1587 ex
369 1512 599 1610 benedictione
620 1540 651 1585 a
679 1512 815 1637 Christo
839 1513 1035 1585 adiectam
1056 1514 1183 1612 nuptiis
1210 1490 1274 1664 Ca-

153 1654 220 1718 nae
232 1629 384 1724 (isto)

197 1740 355 1814 Nulla
346 1742 449 1840 igitur
467 1743 595 1843 ratione
611 1743 718 1841 omitti
736 1743 840 1818 debet
836 1702 1086 1841 argumentum
1111 1686 1273 1840 biblicum

147 1855 249 1954 ·qu0d
275 1854 355 1928 licet
376 1881 438 1954 per
463 1883 519 1943 se,
547 1872 585 1928 ut
606 1857 817 1955 monuimus,
846 1857 960 1951 minus
985 1856 1105 1952 efflari
1119 1857 1171 1931 ad
1197 1883 1274 1956 pro,-

158 1968 307 2067 bandum
334 1969 442 2044 videri
467 1946 593 2069 possit,
623 1997 690 2070 quo
716 1970 821 2068 sensu
839 1939 1275 2069 jlridentinumtalfirmarn

159 2084 355 2184 Apostolum
386 2087 421 2157 in
451 2086 594 2184 adducto
616 2102 736 2183 tertiig
757 2088 909 2184 innuisse·
933 2086 1103 2158 Christum
1132 2086 1275 2185 gratiam

161 2200 321 2289 conferre,
340 2227 429 2300 quae
445 2227 592 2275 amorem
618 2201 806 2299 naturalem
829 2201 1021 2300 perficeret,
1045 2196 1275 2299 coniugesque

160 2313 399 2412 sanctificaretj
420 2315 688 2413 sinihilominus
715 2330 884 2415 spectetur
908 2314 1275 2413 sensustraditionalis

158 2429 208 2511 vel
233 2456 255 2503 a
280 2430 401 2528 primis
425 2429 588 2504 ecclesiae
611 2429 744 2516 seculis
760 2468 763 2473 ·
780 2445 850 2521 tum
875 2431 910 2500 in
936 2427 1206 2519 sacramentariis
1231 2453 1272 2521 ac

162 2544 339 2639 ritualibus
351 2544 481 2641 libne,
512 2541 582 2619 tum
607 2572 633 2638 a·
652 2543 969 2645 rompontilicibus
982 2570 1035 2617 ‚ac
1055 2571 1103 2618 ss.¹
1119 2542 1273 2642 patribus

159 2660 307 2756 passim,
336 2675 436 2759 atque
459 2659 502 2732 ab
528 2659 771 2759 interpretibus*
790 2658 965 2757 catholicis
985 2675 1152 2759 receptuS,
1166 2673 1274 2759 ⁴atque

161 2798 199 2846 cx
218 2774 389 2848 communi
416 2774 693 2850 scholasticorum
718 2775 957 2863 consensione,
979 2775 1044 2875 ⁴qui
1069 2774 1150 2849 huic
1176 2774 1275 2867 inniti

162 2888 262 2961 textui
277 2886 424 2986 'paulino
451 2904 695 2963 consueverunt
718 2889 760 2961 ad
786 2889 996 2962 statuendam
1019 2889 1194 2984 veritatem
1221 2914 1273 2987 sa·

160 3003 317 3077 crementi
336 3004 553 3091 matrimonii,
569 3005 636 3077 vim
655 3003 882 3081 omnimodam
899 3003 942 3076 ad
961 3002 1172 3102 probandum
1190 3002 1276 3103 pau-

159 3115 247 3192 linus
274 3126 385 3195 textus
395 3118 540 3193 obtinet.
558 3119 680 3192 Saltem
698 3134 827 3215 veteres
841 3145 982 3207 tamnes,
1002 3118 1062 3217 qui
1079 3118 1276 3213 soporanti

158 3255 272 3305 rocem
289 3232 361 3305 ,hoe
387 3233 423 3303 in
448 3248 539 3305 textu
559 3231 601 3304 ab
622 3231 780 3331 Apostolo
800 3231 992 3306 adhibitam
1006 3231 1220 3328 ¹censuerunl
1236 3230 1272 3314 in

160 3371 262 3419 sensu
287 3346 488 3419 sacramenti
513 3364 633 3444 ‘presse
659 3346 784 3444 sumpti
801 3345 958 3447 designo
977 3372 1076 3419 ,sacro
1093 3344 1272 3440 cicilicaci

160 3461 303 3557 gratiae,
333 3461 469 3534 totidem
496 3477 575 3534 sunt
588 3446 855 3560 locupletissimi
871 3476 983 3540 ,testes
1003 3459 1154 3559 veritatis
1168 3459 1275 3560 ,huius

232 3684 254 3746 (t
262 3685 301 3746 ιι)
317 3683 390 3742 Quod
398 3685 495 3736 calmet
505 3687 646 3737 vomerent.
659 3685 684 3734 in
695 3685 720 3735 b.
732 3686 780 3735 loe.
792 3684 966 3735 animadvertit
975 3684 1095 3734 scribens:
1110 3683 1277 3746 «Coniugium

158 3761 223 3812 Adae
238 3764 264 3812 et
280 3764 433 3826 Eraeiypus
447 3764 500 3813 crat
517 3763 625 3826 coniugii
642 3763 706 3814 inter
727 3766 807 3814 iesum
822 3763 949 3817 Christum
963 3763 988 3812 et
1002 3761 1144 3824 ecclesiam
1154 3760 1202 3811 boc
1218 3773 1278 3810 vero

157 3841 218 3893 iuter
231 3844 315 3893 lesum
328 3843 454 3894 christum
471 3846 496 3894 et
511 3844 639 3895 ecclesiam
654 3844 732 3894 ιοιιιιιι
748 3845 799 3905 ast,
815 3844 889 3906 atque
904 3843 1028 3907 exemplar
1039 3841 1120 3904 iliius,
1130 3839 1198 3914 quod
1214 3839 1278 3904 inter

158 3920 333 3973 Ghrlctifideles
355 3922 466 3973 habetur.
484 3925 539 3973 Hoc
557 3923 669 3973 Salvator
693 3922 725 3972 ad
746 3923 892 3972 sacramenti
920 3921 1062 3985 dignitatem
1085 3919 1183 3981 crexit,
1206 3917 1278 3981 eique

158 4001 261 4063 matiam
271 4014 342 4051 suam
354 4000 455 4065 tribuit,
466 4002 506 4052 vel
515 4015 572 4052 cum
584 4000 665 4052 adluit
679 4001 771 4066 nuptiis
783 4002 878 4064 canae,
895 4001 933 4051 vel
950 4013 1007 4050 cum
1023 3998 1107 4050 docuit
1122 3999 1166 4048 aut
1182 4009 1225 4061 per
1241 4009 1275 4058 oe,
1313 4058 1318 4067 ‚

157 4081 199 4131 ιιιι
211 4081 337 4144 apostolos
354 4093 412 4132 suos
429 4081 540 4132 fidelium
555 4081 696 4145 coniugium
715 4080 846 4144 imaginem
861 4094 913 4131 esse
931 4080 1029 4131 unionis
1047 4077 1156 4129 eiusdem
1169 4089 1226 4126 curn
1239 4089 1276 4126 ec·

157 4160 257 4211 clonia.»

229 4239 356 4305 Gietiam
365 4240 477 4307 Ticinum
486 4241 541 4304 hic,
551 4254 597 4292 nec
608 4253 658 4291 non
668 4239 759 4291 Bioiio
767 4242 887 4292 maximo
895 4241 1005 4303 plone
1013 4235 1273 4305 lailayctom.xvlll.

156 4319 179 4369 in
191 4320 216 4370 ιι.
226 4321 275 4371 loc.
285 4320 339 4371 sire
351 4322 515 4374 controvers.
524 4320 609 4384 fidei„
617 4323 740 4386 controv.
751 4321 805 4371 XX
809 4323 863 4374 VH
865 4357 871 4369 .
885 4317 1110 4394 Dcpmotrimqapio
1221 4370 1224 4375 ,
1271 4381 1273 4386 Ι
