2872 5062
327 384 395 433 cir.
411 384 457 433 vr.
474 386 513 434 nn
530 384 632 435 mser.
655 385 768 436 conrn.
792 386 829 436 nr
847 387 935 437 sien.
957 385 1027 436 cnr.
1050 387 1072 436 r.
1201 363 1269 435 189

156 518 256 601 prout
266 518 512 575 sacramentum
527 519 578 576 est
587 501 597 590 ,'
608 500 740 577 constat
751 530 791 576 ex
806 504 865 592 iis,
880 530 968 604 quae
980 503 1069 576 idem
1082 519 1198 577 auctor
1209 532 1272 578 nu·

157 617 259 690 meris
275 616 551 716 praecedentibus
571 615 726 717 exposuit
742 620 831 692 circa
855 619 1036 692 discrimen
1054 619 1141 691 inter
1156 620 1273 693 infide-

156 732 239 806 lium
247 735 286 804 'et
298 730 450 804 fidelium
476 733 687 830 coniugium,
712 733 803 832 quod
821 733 903 807 illud
921 733 1057 832 quidem
1076 735 1120 807 sit
1136 761 1268 819 verum,

158 846 219 920 sed
233 873 297 918 non
312 861 436 930 rotam,
454 846 544 919 istud
559 864 730 946 praeterea
744 849 789 921 sit
801 849 900 922 etiam
916 864 1025 921 ratum
1038 864 1071 921 et
1084 848 1272 922 'sacramen-

158 966 246 1048 tum,
266 960 384 1034 dicens
403 964 490 1033 n.'3.
517 962 651 1035 «Aliud
671 980 723 1037 est
742 964 989 1037 matrimonium
1012 980 1137 1052 ratum,
1162 963 1269 1054 idest,
1360 1045 1364 1050 ,

157 1077 198 1150 ab
219 1076 624 1176 ecciesia'apprcbatum,
645 1078 737 1178 quod
759 1079 846 1152 inter
866 1079 1111 1153 christifideles
1124 1079 1270 1177 legitime

159 1192 516 1266 contrahitur....Nam
533 1194 596 1265 etsi
614 1195 863 1267 matrimonium
876 1221 991 1267 verum
1012 1193 1102 1267 inter
1116 1195 1271 1268 infideles

157 1307 298 1395 existat,
317 1332 383 1381 nen
400 1308 580 1381 tamen'est
592 1324 720 1381 rutum:
736 1310 822 1382 inter
839 1309 956 1383 fideles
973 1325 1082 1384 autem
1099 1336 1216 1383 verum
1238 1326 1273 1383 et

157 1439 266 1496 rotam
283 1422 409 1510 existit,
430 1424 512 1523 quia
529 1440 774 1498 sacramentum
788 1424 884 1510 fidei,
901 1425 992 1524 quod
1015 1425 1118 1499 semel
1140 1441 1192 1498 est
1211 1425 1272 1498 ad-

160 1539 326 1626 missum,
355 1564 540 1638 numquam
566 1540 747 1627 amittitur,
776 1539 837 1612 sed
863 1555 971 1613 ratum
1000 1541 1101 1614 efficit
1130 1542 1275 1639 coniugii

159 1668 413 1739 sucrnnwntcm,
428 1670 478 1727 -ut
501 1654 613 1754 ipsum
635 1655 670 1726 in
691 1655 891 1752 coniugibus
914 1656 971 1730 illc
992 1655 1133 1728 durante
1154 1655 1273 1754 perdu-

158 1785 219 1843 ret.
240 1799 258 1839 »
278 1768 409 1842 Deinde
433 1769 576 1869 explicat
595 1786 748 1855 accurate
765 1770 850 1870 quid
870 1771 984 1845 veniat
1001 1771 1035 1842 in
1052 1770 1195 1868 Eugenii
1217 1770 1272 1843 de

160 1901 247 1958 creto
268 1883 332 1957 sub
350 1885 453 1958 verbo
465 1886 682 1983 'nequientem
705 1886 876 1960 scribens:
900 1916 917 1954 «
934 1885 1130 1960 Nullatenus
1153 1862 1203 1960 sic
1224 1886 1272 1958 in-

160 1999 397 2097 telligendum,
431 2001 528 2100 quasi
558 2001 739 2100 aliquando
769 2001 835 2073 alia
865 2017 955 2075 esset
987 2027 1089 2074 causa
1121 2001 1270 2073 efficiens

159 2117 383 2204 matrimonii,
412 2144 512 2216 quam
549 2133 680 2190 mutuus
718 2120 906 2201 consensus,
936 2116 996 2189 sed
1022 2116 1113 2215 quod
1138 2115 1169 2187 is
1194 2141 1273 2188 con·

159 2235 280 2305 sensus
313 2233 449 2305 nonsit
478 2233 717 2333 exprimendus
742 2259 804 2330 per
833 2232 954 2316 cerba,
984 2231 1126 2330 ideoque
1150 2229 1272 2304 vocula

156 2350 353 2447 mqulcritcr
376 2375 443 2422 non
468 2350 609 2423 refertur
634 2349 677 2421 ad
703 2363 855 2421 mutuum
881 2373 1101 2433 consensum,
1135 2345 1195 2418 sed
1222 2371 1271 2419 rc·

159 2463 263 2538 fertur
283 2464 326 2538 ad
346 2466 550 2538 consensum
570 2464 750 2562 parcenda
772 2464 815 2536 de
834 2462 1001 2563 praesenti
1022 2479 1270 2560 expressum.»

229 2579 364 2654 Eodem.
382 2580 488 2652 tendit
508 2579 660 2653 doctrina
680 2579 813 2654 concilii
836 2577 1023 2664 tridentini,
1048 2604 1089 2649 ex
1109 2603 1176 2676 qua
1195 2601 1274 2650 con-

160 2710 225 2768 stat
244 2694 425 2769 concilium
446 2696 658 2770 matrimonia
677 2696 888 2770 clandestina
907 2695 1058 2769 irritasse
1076 2721 1142 2768 non
1165 2693 1273 2767 solum

160 2827 261 2911 prout
280 2811 505 2899 sacramenta,
527 2812 709 2912 sed'prout
729 2800 808 2886 sunt
830 2827 1036 2898 contractura,
1059 2811 1126 2883 imo
1149 2810 1274 2883 directe

159 2925 291 2998 irritum
315 2927 437 3001 fecisse
458 2954 497 3000 ac
519 2926 729 3024 illegitimum
755 2927 958 3001 consensum
980 2924 1176 2999 clanculum
1193 2949 1273 2996 con·

159 3041 378 3130 trahentium,
399 3069 483 3141 quos
501 3043 544 3116 ad
566 3043 829 3133 contrahendum
848 3042 993 3114 reddidit
1013 3042 1159 3139 ineptos,
1174 3055 1212 3111 ut
1224 3037 1274 3111 sic

158 3157 290 3231 irritum
304 3159 428 3232 iaceret
440 3174 644 3233 contractum
659 3156 811 3257 adeoque
819 3173 852 3231 et
865 3173 1122 3231 sacramentum.
1136 3150 1274 3227 Persua·
1352 3141 1355 3146 ’

158 3298 231 3346 sum
249 3273 355 3371 igitur
379 3273 498 3346 habuit
522 3273 702 3346 concilium
719 3273 777 3345 ubi
796 3272 926 3344 nullum
951 3287 1004 3344 est
1027 3264 1272 3344 sacramentum

158 3388 318 3485 coniugii,
336 3387 465 3461 nullum
483 3389 609 3488 pariter
626 3415 702 3462 esse
719 3402 935 3474 contractum,
952 3414 992 3459 ex
1005 3382 1076 3486 quo
1090 3412 1275 3462 sacramen-

158 3519 228 3576 tum
240 3503 495 3600 enascitur(13)
505 3505 653 3577 ‚Etsane
666 3507 748 3577 satis
762 3502 1123 3602 estverba'expendere
1133 3501 1270 3588 decreti,

230 3706 282 3770 (13)
298 3706 368 3759 Licet
377 3721 407 3758 ex
418 3707 491 3759 dictis
501 3709 645 3775 contractus
654 3711 679 3759 et
687 3711 866 3768 sacramentum
878 3709 903 3768 in
912 3708 1027 3772 coniugio
1044 3708 1178 3759 christiano
1196 3719 1272 3756 unum

156 3796 241 3835 revera
260 3785 324 3848 sint,
346 3798 399 3848 seu,
412 3787 440 3836 ut
452 3785 535 3849 aiunt,
555 3786 768 3850 identificentur‚
791 3787 885 3837 ratione
903 3788 984 3837 umen
1001 3800 1042 3836 seu
1060 3784 1137 3849 logice
1153 3786 1221 3849 prius
1237 3785 1274 3834 est

158 3864 300 3914 tentamus
316 3876 392 3926 quam
402 3867 596 3928 sacramentnm
608 3865 740 3916 conciiium
752 3879 825 3929 porro
834 3866 938 3916 reddens
949 3866 1063 3929 coniuges
1072 3878 1121 3915 non
1133 3864 1233 3913 idoneos
1241 3861 1273 3912 ad

158 3942 591 4008 mntrahendum,itceipsoir1itum
602 3946 662 3996 iacit
675 3959 760 3997 eorum
773 3948 939 4009 contractum,
949 3945 1058 4009 adeoque
1065 3946 1090 3995 ct
1096 3943 1273 3995 sacramentum

159 4020 276 4086 impedit,
288 4021 356 4086 quod
365 4035 395 4073 ex
406 4022 451 4073 iilo
460 4023 597 4095 exurgeret.

228 4102 347 4166 apposite
355 4103 518 4154 Beiierminus
532 4104 581 4154 loc.
592 4105 634 4155 cit.
645 4119 698 4170 cap.
710 4109 741 4156 v.
753 4106 851 4156 scribit:
861 4105 976 4156 «Materia
987 4103 1131 4155 sacramenti
1141 4102 1215 4152 hunius
1226 4114 1276 4152 non

157 4182 192 4230 est
208 4180 354 4232 coniunctio
367 4181 415 4231 viri
428 4195 458 4232 ac
468 4182 580 4234 mulieris
596 4185 785 4248 cuiuscumque,
797 4185 839 4236 'sed
849 4185 989 4235 coniunctio
1000 4183 1178 4246 lecittmcrum
1184 4191 1272 4245 perse

158 4263 362 4320 commendate
372 4261 421 4313 sint
431 4263 514 4313 annm
528 4263 650 4327 legitimae
660 4277 777 4327 maenae
786 4265 898 4315 christus
906 4277 955 4315 non
966 4262 1091 4324 definivit,
1103 4260 1146 4312 sed
1157 4271 1271 4324 praesup-
1343 4296 1347 4305 .

158 4339 234 4399 posito
244 4341 373 4392 contractu
384 4343 491 4416 hnmano
502 4343 566 4400 inter
577 4343 698 4405 legitimas
708 4356 835 4407 pesonae,
845 4356 901 4393 eam
911 4343 1108 4392 coniunctionem
1124 4339 1205 4395 evenit
1221 4339 1274 4402 ipse
