2872 5062
241 332 309 404 lbi)
444 353 506 404 ur.
528 352 550 403 1.
572 352 659 404 sncr.
681 353 868 404 uremur
886 353 1142 420 urrunnun.
1189 334 1191 338 “

237 476 288 548 ita
310 474 518 549 continenter
543 498 581 547 se
606 472 712 570 gessit
735 472 899 561 ecclesia,
925 472 979 548 uel
1005 473 1051 548 ab
1077 475 1162 576 ipsis
1187 477 1262 551 suis
1287 480 1355 578 pri·

239 589 405 677 mordiis,
438 589 585 688 prolecto
610 616 677 662 uon
703 615 744 662 ex
769 589 917 663 tenebris
944 590 1078 664 mediae
1103 591 1225 666 aetatis
1249 595 1356 693 repeti

240 707 325 779 haec
349 705 425 779 eius
449 705 573 803 agendi
598 704 682 778 ratic
707 721 816 805 potest
840 707 1062 802 (82).Verum
1084 705 1199 782 clauus
1223 707 1283 782 hic
1305 726 1359 784 est

240 822 307 896 alte
326 821 412 895 lixas
429 821 598 894 mentibus
616 820 766 894 omnium
784 821 948 895 ecclesiae
960 821 1245 921 impugnatorum,
1262 851 1357 923 prae

241 939 356 1014 sertim
380 964 461 1012 vero
484 935 716 1034 leguleiornm,
744 937 871 1036 quique
897 937 1006 1012 lactus
1030 953 1083 1011 est
1107 964 1196 1012 unus
1215 965 1256 1013 ex
1272 938 1358 1016 locis

242 1052 476 1128 communibus
503 1052 893 1150 pseudo-politicorum,
929 1053 1082 1152 adeoque
1110 1068 1143 1127 et
1171 1055 1358 1130 adversarii

241 1194 386 1272 quocum
420 1194 541 1242 manus
573 1168 801 1255 conserimus,
829 1168 888 1267 qni
920 1168 956 1240 in
985 1167 1074 1243 hello
1105 1184 1221 1243 contra
1250 1171 1359 1246 eecle-

241 1287 327 1361 siam
353 1286 396 1359 ad
421 1285 510 1358 idem
536 1285 639 1359 medii
664 1285 737 1358 aevi
763 1285 1031 1384 pmmptnarium
1056 1286 1220 1384 confugit.

313 1403 350 1473 V.
381 1401 506 1487 Quinta
539 1401 682 1474 assertio
708 1427 805 1474 suam
838 1400 940 1474 habet
963 1401 1029 1474 snb
1053 1400 1169 1501 aliquo
1202 1419 1357 1504 respecta

240 1517 435 1602 veritatem,
457 1540 544 1615 quae
561 1531 672 1588 tamen
689 1516 759 1589 vim
778 1514 906 1589 nnllam
923 1513 1026 1589 hahet
1038 1514 1073 1587 in
1086 1516 1235 1590 favorem
1247 1517 1358 1593 thesis

241 1647 470 1733 propugnatne
493 1629 537 1703 ah
562 1628 767 1703 adversario.
795 1632 917 1703 Verum
947 1629 1061 1729 itaque
1084 1646 1157 1718 est,
1185 1633 1359 1708 matrimo-

243 1747 339 1820 nium
364 1745 465 1819 etiam
490 1744 738 1832 christianum,
766 1771 807 1818 ac
831 1761 1008 1844 propterea
1041 1760 1210 1845 qnatenus
1244 1774 1359 1822 saera·

241 1877 389 1938 mentum
407 1862 471 1949 est,
494 1888 561 1937 non
587 1862 733 1936 mutuari
757 1861 905 1936 valorem
931 1888 1030 1936 suum
1047 1888 1069 1935 a
1086 1863 1152 1936 ritu
1177 1862 1354 1962 religioso,

239 2003 305 2053 seu
330 2003 351 2052 a
374 1977 628 2052 consecratione
652 1978 829 2075 religiosa,
850 2004 973 2077 nempe
998 2004 1019 2051 a
1042 1977 1278 2054 benedictione
1302 2006 1359 2056 sa·

241 2092 425 2180 nerdotali,
453 2092 680 2167 abstrahendo
705 2093 749 2167 ab
773 2093 935 2167 ecclesiae
959 2092 1053 2191 lege,
1081 2092 1146 2168 hoc
1170 2093 1262 2168 enim
1288 2120 1357 2170 non

243 2208 353 2284 solum
365 2208 453 2282 ultro
466 2208 607 2296 damus,
627 2207 860 2282 verumetiam
878 2207 977 2309 plene
993 2207 1239 2282 contendimus.
1258 2209 1359 2295 Quod

240 2326 276 2398 in
291 2325 364 2400 sola
377 2323 579 2399 sacerdotali
596 2323 828 2398 benedictione
846 2324 1009 2398 consistat
1024 2339 1274 2398 sacramentum
1287 2349 1359 2400 ma·

242 2441 413 2527 trimonii,
442 2466 511 2514 una
535 2456 587 2514 est
610 2467 652 2515 ex
675 2439 830 2513 thesibus
846 2465 868 2511 a
886 2439 944 2513 Pio
964 2441 1020 2512 lx.
1037 2440 1214 2539 speciatim
1235 2439 1359 2540 positis

241 2557 277 2628 in
301 2556 517 2631 damnatione
542 2581 681 2656 operum
712 2557 759 2629 lo.
787 2555 1014 2655 Nepomuceni
1040 2557 1175 2656 Nuytn,
1203 2556 1359 2657 adeoque

242 2671 365 2745 sinceri
393 2671 550 2747 catholici
581 2670 728 2769 theologi
757 2671 857 2769 longe
880 2672 1005 2745 absunt
1028 2671 1073 2744 ab
1097 2671 1161 2746 hac
1184 2672 1353 2748 doctrina.

244 2786 410 2874 Quocirca
430 2787 524 2862 nulla
539 2803 611 2861 erat
628 2787 712 2860 ratio
729 2812 834 2887 qnare
855 2787 1008 2860 minister
1033 2788 1239 2865 taurinensis
1256 2788 1359 2866 nbhis

241 2919 462 3003 proponeret,
492 2927 593 3002 posse
617 2902 866 2976 matrimonium
892 2902 1078 2977 consistere
1104 2902 1178 2978 sine
1205 2904 1272 2977 ritu
1295 2929 1359 2979 seu

242 3021 492 3094 consecratione
513 3018 682 3118 religiosa.
705 3018 743 3090 ld
761 3018 960 3092 iamdudum
986 3043 1185 3093 noveramus
1210 3045 1253 3093 ex
1278 3046 1360 3095 con·

242 3134 345 3232 iugiis
371 3135 610 3222 clandestinis,
632 3158 719 3234 quae
744 3134 808 3207 suh
833 3132 1059 3207 anathematis
1083 3133 1359 3209 interminatione

241 3249 390 3324 decrevit
415 3251 631 3324 tridentinum
657 3250 813 3325 habenda
833 3276 910 3324 csse
926 3265 963 3322 ut
978 3276 1058 3323 vera
1083 3265 1117 3322 et
1142 3265 1216 3325 rata
1240 3251 1360 3324 matri·

243 3364 381 3451 monia,
410 3365 543 3452 idest,
572 3381 806 3452 sacramenta,
834 3363 999 3465 quamdiu
1022 3390 1063 3439 ea
1087 3365 1232 3439 ecclesia
1264 3365 1360 3440 irrita

242 3503 309 3552 non
330 3477 464 3566 iecerit3
493 3479 643 3579 idipsum
669 3479 894 3554 noscebamns
919 3506 960 3552 ex
977 3479 1048 3553 illis
1072 3478 1229 3556 omnibus
1256 3481 1359 3557 ratio·
1395 3479 1397 3488 ’

316 3745 366 3810 (82)
382 3746 490 3798 Ecclesia
504 3745 638 3797 christiana
653 3745 740 3798 debuit
757 3749 893 3799 necmsano
902 3749 933 3799 ab
944 3749 1002 3812 ipsis
1013 3746 1065 3799 suia
1075 3748 1152 3799 initiis
1167 3748 1273 3799 inveniri
1282 3748 1308 3798 in
1317 3749 1359 3799 ad·

243 3827 345 3879 modurn
355 3826 451 3878 difficili
463 3826 582 3890 positione
598 3827 708 3891 respectu
723 3827 882 3892 legislationis
896 3839 1021 3892 romam,
1035 3829 1222 3892 ceterarumque
1231 3828 1359 3881 nationum

236 3920 315 3973 ,penes
326 3920 388 3971 quas
398 3905 546 3970 penetravit,
558 3919 588 3956 ac
598 3906 624 3956 in
634 3907 710 3956 tacita
722 3907 836 3957 antithesi
849 3907 975 3957 doctrinae
984 3920 1042 3957 snae
1052 3921 1108 3956 cnm
1118 3906 1229 3968 tegibus,
1244 3919 1309 3970 quae
1318 3909 1361 3956 aut

236 3988 306 4039 'tabe
326 3991 408 4057 erant,
430 3986 473 4038 ant
494 3986 711 4050 promulgabantur
729 4000 743 4036 a
760 3987 912 4050 principibus
931 3984 1043 4038 ethnicis.
1055 3988 1091 4038 ut
1102 3987 1169 4037 enirn
1188 3985 1361 4038 animadvertit

238 4066 380 4132 uodlnger
395 4068 421 4118 in
436 4081 477 4132 op.
492 4069 525 4119 et.
542 4067 591 4117 loc.
607 4067 649 4118 cit.
661 4066 820 4130 Hippolyten
839 4065 897 4118 aad
914 4067 1064 4131 suturas,
1081 4067 1205 4119 interdum
1222 4067 1360 4119 neeoessrtu

155 4172 157 4176 ·
236 4150 294 4203 ruta
305 4148 394 4200 hahere
403 4148 488 4198 debuit
500 4147 671 4210 matrimonia,
681 4159 744 4211 qnae
754 4159 769 4196 a
779 4146 874 4210 iegibus
885 4146 1085 4209 infirmabantur,
1098 4161 1127 4198 ac
1135 4147 1233 4220 irritare
1241 4161 1285 4211 ea,
1296 4159 1358 4211 quae

236 4221 257 4280 'a
266 4227 360 4294 legibus
371 4227 544 4294 probabantur.
560 4227 637 4278 tinius
648 4226 684 4278 rei
693 4227 804 4290 exempla
814 4226 1011 4279 luculentissima
1020 4227 1135 4290 exbibet,
1145 4241 1209 4292 quae
1219 4241 1266 4280 nos
1275 4227 1358 4279 allae·

237 4306 309 4373 mus,
317 4309 435 4360 cunr-boo
445 4306 477 4359 dc
488 4308 632 4368 maumento
640 4318 741 4370 agemus
752 4307 778 4356 in
788 4307 903 4370 proximo
913 4307 985 4358 libro.
1028 4336 1031 4341 -
