2872 5062
159 335 229 404 306
366 356 428 406 ιιι.
448 355 471 404 r.
492 353 579 405 anor.
601 354 732 405 urent.
752 353 794 403 ns
811 353 942 403 urus.
962 349 1069 401 nuru.

575 611 782 668 sustentus
799 611 850 666 ΙΙΙ.

363 823 424 881 Lex
441 822 480 880 dc
498 821 685 880 Matrimonio
702 820 784 879 eivlli
801 826 846 878 est
865 818 1056 894 antipolitira.

234 1058 304 1127 lam
333 1055 649 1140 animadvertimus,
672 1053 850 1152 plerosque
866 1048 1190 1149 pseudo-politicos,
1206 1049 1269 1148 qui

160 1186 356 1268 promouent
379 1169 486 1265 legem
511 1169 554 1241 de
570 1168 748 1241 connubiis
765 1193 856 1239 mere
872 1164 1051 1252 civilibus,
1071 1191 1191 1262 parem
1207 1181 1268 1237 aut

160 1283 246 1355 nihil
269 1284 455 1381 permoveri
476 1310 582 1356 causa
605 1282 795 1378 religionis,
815 1306 925 1379 neque
941 1305 982 1351 ea
997 1278 1176 1365 deterreri,
1196 1303 1270 1378 quo

159 1399 274 1470 minus
297 1423 398 1470 caeco
422 1399 568 1495 quodam
593 1399 704 1470 lurore
727 1398 939 1470 connituntur
963 1394 1057 1466 omni
1087 1421 1159 1492 qua
1187 1420 1269 1492 pos-

159 1528 238 1585 sunt
261 1537 325 1610 ope
341 1511 449 1608 legem
466 1511 557 1583 illam
575 1512 788 1583 constituere.
809 1511 973 1595 Quocirca
989 1508 1078 1582 aliae
1094 1526 1269 1606 praeterea

159 1625 227 1698 illis
243 1652 367 1700 causae
383 1625 593 1698 adiiciendae
610 1641 710 1711 sunt,
730 1625 854 1723 quibus
871 1651 987 1697 eorum
1003 1625 1141 1696 animus
1156 1625 1267 1720 magis

158 1741 376 1812 deterreatur.
403 1741 472 1839 lpsi
498 1740 713 1838 profitentur,
741 1766 779 1811 se
808 1740 977 1812 societatis
1001 1739 1126 1812 bonurn
1152 1765 1270 1838 perse·

158 1850 237 1955 qui,
265 1856 300 1926 id
324 1882 429 1927 unum
454 1881 535 1953 prae
551 1855 662 1928 oculis
677 1854 821 1943 habere,
842 1854 906 1926 hoc
922 1854 1108 1927 consectari
1126 1881 1165 1927 se
1180 1853 1270 1926 velle

158 1988 227 2042 tum
252 1997 287 2041 rn
314 1971 377 2043 hac
403 1988 473 2042 tum
497 1971 533 2042 in
557 1969 635 2044 aliis
660 1969 854 2042 huiusmodi
873 1968 1004 2065 legibus
1022 1969 1264 2068 proponendis.

158 2085 278 2183 Utpote
301 2112 323 2156 a
347 2083 472 2184 populo
495 2083 616 2157 delecti
643 2085 678 2156 in
703 2084 829 2156 bonum
855 2084 1076 2181 reipublicae,
1096 2100 1199 2182 atque
1220 2083 1266 2156 ad

157 2201 287 2298 patriae
311 2201 444 2296 negotia
470 2199 698 2286 discutienda,
726 2225 790 2272 nec
812 2225 879 2272 non
897 2199 941 2271 ad
957 2200 1066 2298 ipsius
1087 2199 1267 2272 utilitatem

157 2332 190 2387 et
213 2314 389 2388 commoda
415 2316 575 2386 sectanda
598 2315 772 2414 deputati,
800 2313 933 2386 nonnisi
958 2341 980 2384 a
1003 2315 1173 2386 communi
1190 2315 1265 2386 uni-

156 2426 347 2528 versalique
371 2429 459 2501 bono
484 2431 672 2527 permoveri
698 2444 852 2527 possunt.
873 2430 924 2499 lta
950 2429 1087 2527 quidem
1117 2430 1186 2527 ipsi
1216 2429 1268 2503 lo-

157 2561 307 2641 quuntur
330 2570 370 2616 ac
393 2559 632 2643 protestantur.

229 2658 264 2726 Si
291 2659 392 2753 igitur
415 2658 662 2731 ostenderimus
686 2686 761 2746 eos,
789 2661 847 2758 qui
866 2661 983 2733 intenti
1001 2660 1139 2732 suntad
1156 2661 1264 2758 legem

157 2771 358 2868 ungendam,
387 2773 431 2844 de
455 2766 524 2872 qua
547 2791 599 2846 est
616 2801 742 2860 sermo,
763 2801 829 2849 non
851 2777 951 2849 modo
976 2803 1043 2849 non
1071 2776 1265 2874 prospicere

158 2902 192 2960 et
215 2887 392 2960 consulere
408 2888 544 2987 publico
561 2891 798 2989 communique
813 2891 917 2978 bono,
939 2893 1042 2965 immo
1056 2918 1139 2965 vero
1153 2892 1264 2964 eidem

158 3002 294 3100 penitus
317 3003 508 3090 adversari;
529 3005 559 3075 si
581 3005 615 3075 in
640 3005 788 3077 medium
813 3007 929 3102 gravia
953 3007 1134 3079 afferamus
1151 3031 1195 3079 ac
1210 3030 1265 3079 so-

157 3117 229 3192 lide
248 3120 414 3192 rationum
435 3135 620 3206 momenta,
648 3122 771 3219 quibus
796 3138 924 3196 constet
943 3148 1018 3195 eam
1042 3122 1152 3220 legem
1174 3121 1264 3195 nullo

156 3232 275 3318 modo,
304 3234 334 3305 si
361 3233 546 3306 adsunam
573 3234 756 3334 politicam·
772 3237 940 3332 exigatur,
967 3263 1068 3334 posse
1101 3237 1259 3334 probari,

159 3344 283 3417 lactum
308 3346 350 3416 iri
375 3347 596 3435 confidimus,
624 3363 661 3420 ut
685 3348 812 3447 publici
838 3349 895 3422 isti
920 3350 1066 3423 nationis
1091 3349 1259 3448 delegati,

158 3475 218 3531 aut
240 3460 342 3531 etiam
359 3477 396 3532 ut
411 3479 530 3534 vocant
545 3478 835 3559 repraesentantes,
855 3464 910 3536 sin
927 3464 1041 3537 minus
1057 3480 1095 3535 ut
1116 3463 1262 3562 religiosi

157 3571 243 3656 viri,
274 3572 392 3646 saltem
417 3590 454 3645 ut
478 3574 605 3673 politici
631 3575 674 3647 ab
699 3576 861 3677 incoeptis
885 3577 1057 3663 desinant,
1081 3603 1146 3650 nec
1166 3578 1264 3679 perti·

158 3687 286 3760 nnciter
311 3687 468 3761 insistant
492 3688 557 3786 legi
582 3689 633 3788 ⁴illi
659 3691 919 3789 promovendae,
948 3719 1036 3791 quae
1056 3692 1263 3793 antipolitice

156 3804 416 3877 demonstratur.
438 3806 509 3877 Hoc
532 3821 731 3908 autemest,
752 3809 841 3906 quod
859 3808 1034 3880 ostendere
1056 3808 1262 3881 assumimus

158 3919 264 3990 innixi
289 3946 351 3992 nec
374 3919 504 3992 levibus
529 3947 590 3992 nec
614 3923 731 4019 paucis
760 3939 1027 4020 argumentorum
1059 3924 1257 3997 rationibus.

231 4035 335 4130 Igitur
358 4034 411 4106 lex
436 4034 495 4107 illa
518 4036 686 4107 censenda
710 4036 919 4136 dicendaque
950 4054 1002 4109 est
1029 4038 1256 4138 antipolitica,

158 4174 245 4246 quae
267 4163 319 4221 est
343 4165 458 4222 contra
483 4165 634 4220 naturam
661 4168 693 4222 et
718 4150 837 4237 finem,
858 4177 958 4249 quern
975 4152 1010 4223 in
1028 4151 1161 4249 legibus
1183 4178 1259 4226 con-

158 4260 277 4334 dendis
303 4262 368 4336 sibi
394 4264 612 4362 praestituere
636 4263 734 4336 debet
757 4264 867 4339 omnis
885 4265 1022 4365 sapiens
1047 4292 1087 4340 ac
1112 4268 1258 4366 prudens
