2872 5062
171 361 191 432 2
369 388 430 438 nm.
453 389 475 437 1.
496 386 582 438 suen.
605 390 627 437 1.
651 388 691 438 nr
711 387 841 440 ninum.
865 361 1082 441 sncnnunnroj

169 493 288 602 egendi
318 506 477 579 rationem
500 506 763 604 praemittimuS‚
791 508 872 606 quin
896 508 1016 580 exinde
1031 507 1089 578 lux
1106 501 1285 603 effulgebit

76 640 79 645 ’
168 620 211 691 ed
230 637 372 694 mentem
385 637 517 720 patmum
530 621 650 695 melius
663 623 923 722 assequendam,
933 623 1213 723 quotiescumque
1223 649 1282 695 eo-

168 763 241 808 rum
253 735 558 821 eimtanutdubie,
581 752 638 808 eut
659 737 829 810 nonsatis
849 736 1089 810 decretoriend
1112 761 1181 807 rem
1201 762 1286 808 con-
1326 744 1329 748 ’

169 851 346 925 ficiendem
376 852 542 924 videntur.
572 851 703 923 Certum
733 851 900 950 siquidem
918 869 985 938 est,
1007 868 1119 951 putres
1150 851 1285 926 locutos

168 964 274 1037 fuisse
292 965 384 1037 iuxta
401 965 602 1052 doctrinam,
624 986 714 1064 quoe
734 965 877 1063 singulis
901 965 1064 1046 aetatibus
1083 966 1118 1036 in
1136 966 1283 1039 ecclesio

165 1079 310 1176 vigebat.
331 1077 366 1149 Si
386 1077 525 1177 proinde
542 1095 630 1152 certo
647 1080 834 1153 constiterit
850 1079 892 1153 de
909 1080 995 1167 fide,
1016 1107 1119 1178 quam
1136 1080 1283 1154 ecclesie

165 1193 254 1273 circu
283 1193 483 1267 sacramenti
514 1194 718 1269 matrimonii
741 1182 922 1269 'vermem
957 1195 1200 1299 profitebatur,
1237 1221 1284 1269 eo

165 1295 242 1406 ipso
256 1307 428 1382 constabit
439 1307 489 1382 de
503 1334 665 1406 germano
677 1333 787 1384 -eensu
808 1325 939 1408 patrum
954 1308 1283 1383 'ecclesiasticorum-

165 1449 232 1520 que
250 1422 449 1521 scriptorum
470 1422 514 1496 iis
532 1423 567 1495 in
587 1422 690 1510 locis,
707 1423 743 1495 tn
755 1423 884 1521 qui-bus
900 1423 944 1496 dc
964 1422 1175 1496 matrimonio
1193 1423 1284 1496 chri-

165 1534 275 1611 stiano
292 1537 462 1611 disserunt
474 1538 749 1637 iuxta‘receptem
768 1536 931 1612 ecclesiue
948 1536 1144 1612 doctrinam.
1162 1537 1279 1611 Canon

166 1653 229 1725 iste
253 1653 502 1728 ecclesiastieae
520 1653 805 1752 interpretationis
834 1653 958 1728 nedum
983 1652 1184 1750 theologice,
1215 1654 1277 1726 sed

164 1769 264 1840 etium
281 1767 395 1841 critice
416 1783 586 1866 spectatus
600 1767 684 1840 edeo
696 1781 811 1841 certus
825 1783 893 1854 est,
908 1784 946 1841 ut
962 1765 1045 1839 nulii
1064 1767 1109 1840 sit
1125 1765 1276 1865 embagi

164 1899 222 1956 aut
245 1882 450 1956 contentioni
474 1882 651 1957 obnoxius.

237 1999 306 2070 lam
330 2022 409 2070 vero
428 1994 604 2071 ecclesium
626 1998 747 2097 quovis
775 2013 928 2097 tempore
946 1996 1169 2071 christianum
1195 2024 1280 2072 eon-

163 2113 290 2210 iugium
325 2112 375 2184 uti
410 2128 656 2185 sacramentum
690 2138 712 2185 u
745 2113 879 2186 Christo
912 2110 1054 2186 Domino
1088 2111 1277 2187 institutum

163 2228 326 2302 habuisse
355 2242 459 2326 etque
488 2228 674 2328 professam
691 2254 784 2315 csse,
807 2245 938 2328 praeter
967 2227 1034 2300 dno
1064 2227 1280 2301 oecumenico

161 2343 320 2429 eoncilia,
342 2341 558 2416 tridentinum
585 2359 619 2415 et
646 2342 877 2429 florentinum,
906 2368 994 2442 quae
1018 2358 1133 2442 aperte
1159 2343 1277 2414 metri-

107 2529 109 2534 .
162 2458 311 2531 monium
340 2456 457 2529 eodem
483 2458 517 2528 in
543 2482 648 2530 censu
677 2483 716 2530 ec
748 2483 806 2529 seu
832 2454 899 2529 alia
930 2473 1139 2557 sacramente
1169 2483 1281 2531 novae

161 2571 246 2666 tegis
263 2570 338 2642 sine
354 2568 425 2642 uldin
436 2570 640 2642 discrimine
654 2578 852 2670 posueruntr
864 2576 984 2644 testem
997 2570 1162 2644 habemns
1180 2569 1276 2644 eliud

161 2682 412 2757 oecumenicum
438 2683 591 2757 noterium
616 2684 811 2771 concilium,
836 2711 961 2785 nempe·
990 2685 1201 2782 lugdunense
1225 2685 1277 2757 IL

160 2798 196 2870 in
220 2823 291 2896 quo
311 2798 456 2898 prunum
472 2824 541 2896 pau
560 2797 721 2871 solemnis
744 2797 829 2872 inita
850 2815 902 2872 est
915 2799 1010 2873 inter·
1034 2799 1157 2881 latinos
1181 2824 1279 2895 gme-

159 2937 286 3010 cosque
310 2911 375 2984 sub
399 2909 438 2983 b„
461 2910 618 3008 Gregorio
642 2912 685 2984 X.
713 2913 750 2983 ln
776 2912 880 2986 huius
903 2913 993 2987 enirn
1023 2911 1156 2986 concilii
1186 2913 1275 2988 aene

159 3024 358 3099 exhibentur
377 3025 511 3098 litterae
536 3024 713 3100 michaeus
733 3024 920 3122 Peiaeelogi
948 3051 1143 3123 graecorum
1169 3027 1278 3127 impe-

160 3141 279 3214 ratoris
308 3141 351 3214 ed
381 3141 416 3214 b.
434 3140 629 3238 Gregorium
660 3141 776 3227 datae,
809 3142 933 3242 quibus
963 3169 1025 3216 suo
1049 3159 1083 3217 et
1110 3135 1280 3219 ecclesiae

160 3281 299 3354 graecae
315 3257 451 3329 nomine
469 3256 547 3331 fidei
567 3244 811 3356 professionem
825 3257 948 3331 emittit
964 3259 1154 3358 imperator.
1171 3260 1278 3333 Porro

159 3369 194 3443 iu
221 3371 286 3444 hec
312 3369 392 3445 fidei
414 3373 642 3472 professione,
663 3400 739 3448 cum
758 3373 800 3446 ud
819 3389 1026 3447 sacramenta
1042 3389 1179 3448 uentum
1197 3391 1270 3459 est,

158 3481 242 3560 hacc
266 3483 437 3580 leguntur:
462 3486 599 3563 «Tenet
621 3487 723 3565 ctiam
744 3502 782 3562 et
799 3486 902 3561 docet
924 3486 1043 3565 eadem
1067 3502 1188 3565 senon
1219 3514 1274 3561 no-·

157 3625 257 3677 menn
272 3599 416 3675 eeclesia
441 3599 522 3696 (cni
536 3626 575 3677 se
591 3602 798 3679 conformare
823 3603 1012 3701 profitetur)
1037 3618 1171 3701 septem
1194 3627 1277 3679 esse

157 3711 383 3792 ecetesiaoica
405 3731 632 3802 mmmmm,
652 3743 763 3794 unum
778 3715 912 3790 scilicet
931 3716 1117 3815 baptisma.
1135 3714 1273 3794 ..eliud

157 3844 472 3907 estseemmeutnm
490 3829 776 3911 maurentinus.
798 3889 806 3904 .
827 3889 834 3903 .
852 3831 944 3905 eliud
966 3845 1020 3907 est
1047 3830 1274 3928 poenitentium⁴

156 3943 249 4019 uliud
268 3945 494 4032 eucharistie,
529 3946 621 4024 eliud
641 3963 889 4025 memmentum
923 3945 1071 4032 ordinis,
1105 3945 1199 4019 eliud
1222 3958 1274 4021 cst

158 4060 418 4143 eommunicet,
435 4059 531 4138 nli-ud
552 4060 827 4140 extreme-unctio
846 4063 913 4156 (12).
933 4089 950 4130 n
971 4059 1044 4137 Hoc
1072 4059 1201 4141 literne
1225 4060 1273 4139 lc-

176 4214 191 4248 ι’,
209 4222 213 4275 s
230 4215 267 4307 (2)Ι
279 4249 351 4296 socr.
359 4245 452 4297 concil.
464 4245 524 4296 coll.
537 4249 621 4297 venet.
637 4251 703 4298 1780.
712 4228 867 4297 tom.XXlV.
878 4248 925 4297 col.
934 4248 1126 4302 7t.oclebrctum
1138 4247 1176 4297 est
1186 4238 1272 4298 eumin

158 4323 206 4373 hoc
220 4325 352 4377 concilium
370 4339 409 4376 en.
429 4330 497 4378 1³74.
