2872 5062
237 435 239 438 ,
337 378 405 458 uir.
422 380 470 432 66.
487 380 527 430 66
549 380 814 433 6166166666
839 377 929 432 6666.
951 380 1021 432 nur.
1044 382 1078 434 6.
1208 362 1273 434 301

166 499 274 573 trihus
293 497 435 573 testibus
453 525 520 573 non
538 500 715 573 elicuerint
731 527 831 574 suum
849 526 1052 574 consensum
1065 559 1082 592 ,¹
1095 526 1157 575 seu
1175 529 1275 578 sunm

163 616 406 690 celebraverint
431 616 637 713 coniugium.
667 616 880 715 Quapropter
903 617 963 718 qui
980 619 1080 690 ‘extra
1105 618 1193 693 hanc
1218 621 1277 695 de-

165 732 295 804 finitam
321 731 461 805 formam
487 746 687 806 attentarent
712 732 938 820 connubium,
967 759 1034 807 non
1056 732 1176 807 solum'
1192 735 1277 807 nihil

164 847 359 934 efficerent,
388 864 426 922 ut
451 847 536 921 alias
571 848 802 935 ostendimus,
830 849 865 920 in
892 849 1020 923 ratione
1046 853 1273 940 sacramenti,

162 961 226 1036 sed
252 988 362 1062 neque
378 962 561 1037 iuratione
581 978 773 1037 contractus
791 963 864 1037 sive
881 963 1043 1037 naturalis
1061 964 1134 1039 sive
1151 965 1274 1053 civilis3

162 1077 211 1150 ita
235 1092 273 1149 ut
297 1077 332 1149 in
357 1078 582 1151 conscientiae
613 1076 685 1152 loro
719 1077 866 1174 legitime
882 1111 896 1163 ,⁴
923 1093 982 1150 aut
1015 1078 1105 1153 licite
1131 1081 1179 1155 uti
1205 1081 1277 1155 iure

161 1191 331 1290 coniugali
359 1218 426 1266 non
452 1192 609 1291 possint,
637 1208 670 1264 et
694 1191 887 1289 coniugales
912 1192 972 1291 qui
998 1193 1157 1268 dicuntur
1181 1212 1276 1270 actus

161 1307 233 1380 sint
258 1308 396 1381 totidem
421 1324 517 1381 actus
543 1307 653 1382 illiciti
679 1307 932 1394 661666166611,
961 1308 1114 1408 adeoque
1139 1310 1275 1385 totidem

160 1438 310 1521 peccata.
341 1422 424 1496 Cum
450 1424 553 1520 igitur
577 1422 651 1510 lex,
681 1449 749 1522 qua
777 1423 821 1495 de
844 1423 995 1521 agimus,
1025 1424 1151 1498 directe
1174 1426 1277 1501 violet

162 1537 253 1612 hanc
279 1537 544 1613 ecelesiasticam
567 1539 800 1627 6666116666,
829 1539 930 1638 plane
954 1540 1172 1641 consequitur
1197 1551 1273 1629 eos,

160 1653 221 1752 qui
246 1652 433 1727 voluntarie
457 1670 679 1753 cooperantur
703 1654 784 1728 huic
801 1654 866 1752 legi
885 1655 1103 1744 statuendae,
1124 1656 1183 1755 qui
1201 1682 1275 1730 eam

159 1784 372 1867 proponunt,
393 1786 676 1870 promoventque,
694 1769 765 1868 ‚qui
792 1769 954 1867 suffragio
972 1796 1035 1868 suo
1052 1776 1272 1858 concurrunt,

159 1898 199 1957 ut
211 1883 270 1956 illa
281 1885 488 1972 admittatur,
504 1885 593 1958 ellici
607 1911 682 1958 reos
695 1911 806 1958 coram
819 1886 889 1959 Deo
902 1887 1095 1983 grauissimi
1107 1888 1270 1962 criminis.

157 2058 161 2068 .
236 2000 270 2070 2.
300 2000 444 2099 Insuper
469 1999 615 2097 graviter
639 1999 738 2072 etiam
765 1999 842 2074 illos
868 2025 1025 2100 peccare,
1047 2001 1105 2100 qui
1124 2001 1208 2088 alios
1231 2003 1274 2075 ad

159 2114 354 2189 violandam
375 2142 436 2188 seu
453 2114 766 2214 transgrediendam
791 2114 954 2188 ecclesiae
979 2115 1085 2212 legem
1110 2115 1275 2217 inducunt

159 2230 195 2303 16
214 2257 251 2304 re
267 2232 361 2328 graui
384 2231 590 2331 maximique
614 2231 796 2318 momenti,
819 2232 877 2330 qui
895 2256 1032 2329 compos
1050 2231 1191 2305 rationis
1208 2234 1270 2319 sit,

158 2361 194 2418 et
215 2345 250 2416 in
271 2344 442 2419 Christum
461 2347 593 2433 credat,
614 2346 712 2419 facile
730 2345 829 2419 debet
845 2345 1040 2432 admittere,
1061 2370 1171 2445 neque
1187 2372 1273 2445 opus

159 2475 213 2534 est
235 2459 372 2533 sublimi
401 2461 537 2558 ingenio
563 2461 776 2562 implensque
801 2460 1053 2534 ratiocinatione
1076 2476 1113 2534 ut
1128 2461 1163 2533 id
1180 2462 1274 2534 evin-

158 2591 266 2649 catur.
286 2577 370 2649 Nam
395 2577 427 2650 si
456 2604 560 2652 reum¹
577 2604 615 2651 se
639 2577 829 2664 constituit,
858 2577 918 2675 qui
943 2576 1109 2650 actionem
1134 2603 1274 2676 pravam

160 2716 202 2764 ac
226 2691 387 2764 iniustam
407 2693 517 2792 ponit,
540 2694 702 2767 innocens
729 2693 875 2793 prolecto
893 2717 960 2765 non
978 2691 1100 2791 poterit
1123 2693 1270 2778 censeri,

159 2804 222 2904 qui
247 2805 341 2880 alteri
365 2822 484 2881 auctor
510 2823 579 2894 est,
600 2825 638 2882 ut
654 2833 727 2881 eam
753 2823 872 2908 ponat,
901 2806 959 2907 qui
985 2805 1127 2880 alterum
1153 2832 1274 2905 nempe

159 2919 206 2992 ad
231 2945 315 2993 eam
328 2922 520 3023 ponendam
554 2922 701 3011 inducit;
739 2923 891 3022 quinimo
916 2921 952 2992 16
977 2920 1145 2994 communi
1171 2921 1273 2992 aesti-

158 3034 307 3111 matione
331 3038 470 3112 maioris
491 3037 610 3138 cnlpae
637 3039 797 3125 litteus,
826 3037 885 3137 qui
911 3037 1014 3110 alium
1040 3049 1210 3135 permovet
1230 3035 1273 3106 ad

158 3150 449 3252 delinquendum,
486 3164 604 3253 quam.
622 3154 680 3253 qui
714 3170 884 3252 permotus
910 3177 950 3224 ac
975 3149 1134 3223 seductus
1166 3149 1273 3246 legem

159 3270 416 3368 transgreditur.
445 3272 484 3343 ln
510 3271 631 3370 quovis
666 3270 791 3343 iudicio
823 3266 959 3366 gravius
991 3265 1182 3367 plectuntur
1213 3267 1272 3364 661

158 3385 244 3460 61166
274 3387 318 3458 ad
341 3393 446 3484 grave
470 3385 601 3460 lacinus
627 3384 829 3485 patrandum
855 3383 1048 3466 inducunt,
1082 3406 1183 3479 quam
1214 3381 1273 3480 661

157 3499 352 3574 immediate
364 3501 588 3600 delinquunt.
610 3501 706 3574 Ratio
724 3501 799 3599 ipsa
815 3499 880 3572 hoc
897 3507 958 3570 nos
976 3496 1084 3570 docet.
1106 3495 1157 3571 lta
1173 3496 1274 3569 aesti-

158 3630 293 3701 metur,
321 3615 379 3714 qui
405 3614 508 3689 alium
534 3614 678 3715 impellit
702 3614 745 3687 ad
771 3615 879 3699 furta,
903 3610 1086 3685 homicidia
1102 3640 1123 3697 ,·
1139 3610 1274 3684 seditio

157 3754 241 3815 666,
276 3727 413 3828 6116666
443 3728 623 3802 eiusmodi.
653 3728 759 3827 ldque
784 3727 983 3802 confirmant
1008 3725 1207 3798 testimonia
1222 3723 1285 3805 bi-¹

158 3841 248 3917 blica
272 3843 374 3917 nimis
401 3844 610 3943 frequenter:
640 3859 742 3942 atque
767 3860 804 3918 ut
828 3843 990 3916 sistamus
1010 3841 1044 3911 in
1063 3853 1269 3935 argumento,

157 3960 250 4058 quod
277 3987 358 4060 prae
382 3961 541 4034 manibus
565 3959 748 4047 habemus,
776 3960 820 4062 de
845 3959 889 4032 iis
914 3957 1062 4042 scilicet,
1084 3954 1141 4054 qui
1161 3954 1195 4024 in
1214 3980 1273 4051 po-

158 4090 281 4149 testate
306 4077 477 4150 eonstituti
509 4092 662 4150 auctores
689 4092 768 4150 sunt
798 4074 949 4174 populo,
976 4089 1013 4145 ut
1037 4073 1072 4143 in
1098 4084 1272 4167 peccatum

159 4189 313 4279 labatur,
334 4218 439 4264 unum
457 4191 640 4265 alterumve
665 4216 815 4289 promam
834 4188 1029 4285 ingratiam
1054 4210 1189 4285 eorum,
1214 4184 1272 4282 qui
1307 4256 1311 4264 ,

159 4306 312 4404 vestigiis
331 4307 586 4407 protestantium
604 4307 798 4382 insistentes
816 4305 946 4401 lingunt
959 4329 997 4378 se
1010 4301 1110 4375 unios
1123 4300 1273 4398 Scriptu-
