2872 5062
161 371 228 440 252
370 390 579 440 un.·1..srcr.
601 393 730 440 aarum.
749 393 788 439 nn
806 393 937 442 uxrnrx.
960 393 1065 442 crvnr.

159 534 330 582 renovare.
353 506 402 578 En
421 533 525 581 nouos
543 508 740 593 conflictus,
762 509 791 578 si
811 508 861 579 lex
880 507 989 580 civilis
1006 535 1073 580 non
1099 503 1272 581 admiserit

158 624 408 723 impedimenta,
432 649 519 721 quae
536 622 680 694 ecclesia
698 623 880 694 constituit.
903 622 946 694 Et
962 623 1008 694 ita
1024 649 1133 721 porro.
1156 624 1194 694 lli
1213 627 1271 722 qni

157 737 310 834 regiones
337 737 600 835 perlustraverit,
627 736 662 805 in
683 735 806 834 quibus
821 735 872 808 lex
885 737 975 833 rigat
986 736 1030 807 de
1041 738 1207 833 coniugiis
1223 740 1273 809 ci-

155 851 298 938 vilibus,
328 851 413 923 nihil
444 852 653 950 lnequentius
679 850 826 924 offendet
853 877 955 948 quam
988 851 1052 923 hos
1078 852 1205 925 aliosve
1229 856 1272 925 si-

157 966 253 1039 miles
279 993 393 1053 casus,
416 967 449 1038 in
468 969 567 1066 quos
581 981 697 1052 ruunt,
714 966 772 1065 qui
791 965 901 1037 civilia
926 966 1089 1040 eiusmodi
1115 968 1272 1064 coniugia

156 1084 393 1155 contraxerint.

230 1197 339 1270 Facile
357 1224 492 1297 possem
510 1197 577 1270 alia
589 1223 657 1270 non
672 1224 778 1297 pauca
795 1196 1007 1270 incommoda
1024 1223 1162 1294 urgere,
1183 1223 1271 1296 quae

156 1339 197 1385 ex
215 1312 270 1385 bis
288 1313 465 1386 connubiis
486 1312 672 1412 pullulant;
694 1340 809 1385 verum
832 1338 874 1385 ne
899 1313 1060 1411 prolixior
1083 1313 1166 1396 sim,
1188 1312 1272 1386 haec

157 1426 290 1500 silentio
312 1427 600 1525 praetermittens,
628 1426 718 1499 aliud
738 1452 942 1526 persequar,
971 1427 1061 1524 quod
1086 1453 1126 1498 ex
1152 1428 1270 1500 eodem

156 1539 247 1613 lonte
271 1541 433 1613 dimanat.
458 1541 615 1614 Admisso
638 1541 823 1641 principio,
846 1542 936 1640 quod
957 1542 1208 1615 matrimonium
1227 1542 1270 1615 ad

157 1657 255 1729 civile
285 1659 433 1755 regimen
461 1657 629 1731 exclusive
652 1658 816 1757 pertinet,
845 1659 912 1730 iam
937 1685 1041 1757 prono
1066 1658 1160 1732 alueo
1177 1659 1268 1745 nuit,

157 1797 275 1848 causas
301 1772 564 1847 matrimoniales
587 1799 702 1846 omnes
729 1772 898 1845 exclusive
916 1773 1040 1870 pariter
1056 1772 1099 1844 ad
1116 1773 1206 1845 idem
1225 1801 1273 1846 re·

156 1886 268 1982 gimen
287 1886 465 1984 pertinere.
480 1888 550 1959 Sibi
568 1888 767 1985 gubernium
781 1888 834 1960 ius
848 1887 1017 1984 arrogabit
1030 1888 1270 1984 cognoscendi,-

157 2000 353 2088 iudicandi,
382 2001 651 2100 sententiamque
676 2001 883 2074 definitivam
908 2001 1152 2100 pronunciandi
1181 2002 1270 2074 circa

157 2115 324 2212 coniugia,
342 2143 429 2216 quae
441 2117 539 2189 unico
552 2117 742 2189 considerat
756 2133 925 2216 tamquam
939 2116 1053 2190 civiles
1067 2133 1266 2190 contractus.

156 2231 266 2317 Quare
290 2259 365 2306 cum
391 2260 490 2306 casus
517 2235 713 2330 contigerit,
747 2233 837 2333 quod
864 2234 955 2329 loges
982 2233 1101 2307 civiles
1125 2251 1272 2333 pugnent

157 2375 230 2420 cum
248 2348 379 2445 legibus
398 2349 656 2437 ecclesiasticis,
678 2351 735 2449 qui
754 2351 900 2448 prolecto
917 2363 1018 2421 casus
1036 2349 1186 2421 insolens
1203 2375 1269 2421 non

156 2478 227 2548 est,
257 2464 377 2561 poterit
407 2481 496 2536 certe
530 2465 729 2537 sententiam
757 2465 842 2537 lene
867 2465 1182 2552 contradictoriam,
1216 2480 1273 2537 ant

157 2579 357 2651 contrariam
393 2580 580 2651 sententiaa
609 2579 720 2664 latae,
754 2596 812 2652 aut
844 2580 1000 2652 ferendae
1035 2579 1078 2650 ab
1111 2579 1265 2651 eeclesia.

156 2693 243 2765 Hinc
262 2695 291 2766 si
310 2711 428 2788 agatur
439 2695 483 2766 de
493 2694 627 2781 valore,
643 2713 700 2768 aut
713 2695 863 2768 nullitate
880 2695 1050 2781 connubii,
1071 2695 1270 2793 pronuncia-

156 2809 206 2880 bit
236 2809 322 2882 laica
347 2827 495 2909 potestas
519 2811 669 2884 validum
690 2812 882 2907 coniugium
912 2811 1012 2897 illud,
1046 2811 1136 2910 quod
1158 2809 1271 2883 eccle-

159 2925 210 2996 sia
241 2925 370 2996 irritum
397 2925 495 3023 plane
521 2950 560 2998 ac
586 2926 710 2998 nullius
743 2925 868 2997 valoris
895 2924 1080 3011 indicabit,
1117 2949 1157 3019 ac
1184 2925 1270 2997 uice-

156 3065 274 3126 versa,
303 3041 433 3113 irritum
459 3041 559 3114 iudex
584 3041 691 3113 civilis
718 3040 980 3139 pronunciabit,
1011 3039 1111 3138 qnod
1130 3039 1269 3112 ecclesia

157 3173 264 3229 ratum
290 3157 403 3262 babet.
432 3159 591 3256 Sequelas
617 3158 754 3230 maximi
782 3156 966 3241 momenti,
991 3156 1270 3254 quaeexbaciu·

157 3270 320 3343 diciorum
341 3271 581 3371 discrepantia,
603 3273 670 3345 imo
689 3288 722 3344 et
742 3272 956 3370 oppositione
973 3270 1271 3369 proveniunt,-qni.

157 3382 238 3457 libet
262 3410 322 3482 per
344 3413 380 3458 se
404 3388 593 3484 expendere
617 3386 749 3485 poterit.
774 3386 928 3458 lndidem
954 3385 1043 3457 enim
1056 3385 1168 3457 {oritur
1192 3382 1270 3456 binc

157 3499 383 3573 conscientiae
401 3503 573 3586 anxietas,
594 3501 673 3573 inde
690 3501 775 3572 iuris
797 3501 907 3573 civilis
930 3499 1072 3598 privatio
1086 3497 1271 3598 ,needed

157 3615 349 3690 inevitabile
367 3633 437 3703 est,
460 3616 746 3715 perturbationum
764 3641 804 3689 ac
819 3615 1041 3688 dissidiorum
1058 3614 1271 3713 amplissima

157 3757 253 3826 seges
272 3758 339 3806 non
357 3731 466 3805 solum
484 3731 571 3803 inter
583 3746 758 3828 utramque
771 3746 991 3828 potestatem»,
1008 3728 1068 3825 sad
1079 3728 1269 3800 intencive's

157 3847 251 3944 ipsos
270 3862 425 3942 exurget,
446 3847 505 3946 qui
524 3846 666 3919 invicem
691 3846 863 3920 colluctari
887 3843 1077 3929 amonim
1097 3844 1208 3916 iet-tn
1223 3842 1271 3913 la·

157 3961 270 4034 miliae
293 3987 333 4035 ac
354 3960 882 4036 societatissinusdilaceratur.
933 3966 938 4011 ἓ
1108 4016 1113 4025 .
1168 3962 1172 4017 ἰ
1205 3990 1209 3997 ·

228 4080 403 4151 Praeterea
423 4103 472 4150 ex.
485 4077 794 4176 eodem-principio
813 4078 856 4150 de
877 4070 1269 4148 matrimoniomereci*

156 4195 235 4282 vili,
259 4194 413 4293 sequitur
436 4219 538 4293 posse
554 4193 738 4292 ‚politicum
765 4193 913 4290 regimen
925 4215 1056 4265 causas
1072 4189 1269 4268 decernam

158 4310 200 4383 nb
218 4336 305 4410 quas
322 4309 513 4404 coniugium
529 4309 672 4382 dissolvi
690 4308 825 4393 aalean,
850 4333 973 4402 eroge
994 4304 1196 4381 adulteriora
1209 4315 1268 4386 ,ut
