2872 5062
343 374 411 425 mr.
434 376 480 426 ιιι.
503 377 542 426 nn
561 376 692 426 usrntu.
717 375 829 425 errurs
855 376 945 425 nucu.
967 375 1037 424 aar.
1060 377 1082 424 ι.
1204 355 1271 424 293

164 555 168 559 ,
234 493 303 566 Nec
332 493 499 592 estquod
534 509 687 589 regerant
704 519 778 579 ,se
803 518 869 565 non
900 493 1094 590 praecipere
1126 508 1163 564 ut
1195 494 1276 567 talia

159 609 252 683 cives
277 609 477 682 contrahant
502 609 689 696 connubia,
719 608 779 681 sed
806 608 995 683 facultatem
1022 625 1150 681 tantum
1178 636 1275 708 prae-

161 723 257 809 bere,
285 739 322 796 ut
347 724 377 796 si
401 722 505 796 velint
530 723 618 796 civili
639 711 676 798 se
694 723 802 796 solum
827 722 962 797 uinculo
987 724 1143 819 iungant;
1166 751 1275 823 neque

160 855 340 938 ,propterca
364 839 407 912 ad
434 865 503 912 rem
529 839 916 937 esse'exempla,'quae
942 839 976 909 in
1002 839 1159 917 medium¹
1175 838 1276 913 allata

163 971 244 1029 sunt
260 955 303 1028 de
319 955 539 1053 imperatore,
560 971 619 1028 aut
643 955 795 1042 ethnice,
824 971 882 1027 aut
906 953 1064 1041 islamita,
1086 971 1144 1026 aut
1161 955 1276 1028 haere-

150 1070 246 1156 tico,
275 1071 334 1168 qui
355 1074 495 1168 positive
521 1071 650 1169 aliquid
676 1071 905 1170 praecipiant,
929 1070 1019 1168 quod
1044 1097 1066 1142 a
1091 1070 1276 1144 christiana

158 1183 398 1258 rel'catholica
418 1184 597 1257 abhorreat
614 1184 793 1282 religione,
813 1210 889 1256 cum
904 1185 939 1254 in
953 1209 1047 1270 casu,
1065 1184 1099 1255 in
1117 1210 1276 1283 querer-

161 1325 294 1386 samur,
324 1301 368 1374 de
393 1301 467 1374 sola
491 1317 609 1399 agatur
629 1302 875 1399 permissione,
892 1300 974 1398 quin
1001 1302 1171 1403 renovatio
1195 1327 1275 1374 eon-

160 1417 349 1495 tractusin
374 1417 460 1490 facie
484 1417 647 1490 ecclesiae
673 1416 882 1490 excludatur.
917 1458 919 1463 .
953 1467 954 1471 =
1152 1434 1153 1438 ’

230 1529 273 1603 At
297 1557 385 1630 quac
411 1531 556 1605 adducta
581 1548 660 1604 sunt
685 1530 837 1630 exempla
854 1531 889 1602 in
911 1557 988 1604 eum
1015 1531 1115 1604 finem
1141 1532 1276 1606 luerunt

159 1645 311 1748 prolata,
331 1664 368 1720 ut
386 1647 631 1721 illustraremus
653 1675 753 1747 quam
772 1648 858 1721 lutili
878 1648 1040 1721 niteretur
1066 1648 1273 1721 distinctioni

159 1763 292 1851 calex,
313 1790 402 1864 quae
426 1764 507 1836 dum
532 1765 752 1839 christianam
778 1764 974 1861 religionem
999 1765 1275 1840 intactaminco-

160 1880 351 1979 lumemque
368 1881 705 1980 servare'profitetur,
724 1898 834 1953 tamen
852 1881 894 1953 de
905 1880 1106 1983 ‘christianis
1124 1882 1267 1970 civibuS,

121 1990 122 1995 ’
160 2010 260 2096 prout
278 1997 363 2067 ciues
386 2012 482 2083 sunt,
502 2022 543 2068 ea
560 2012 738 2083 statueret,
768 2021 854 2094 quae
872 2023 892 2068 a
910 1995 1094 2069 christiana
1112 1997 1273 2094 religione

159 2109 385 2196 dissentiunt3
407 2137 620 2210 quocumque
645 2111 780 2184 tandem
806 2110 906 2211 mode
931 2137 985 2183 res
1011 2127 1178 2184 statuatur
1203 2113 1275 2186 sive

159 2225 399 2327 praecipiendo
410 2292 414 2296 .
424 2227 496 2300 sive
521 2226 755 2325 permittendo
768 2227 898 2299 Deinde
913 2234 996 2299 vero'
1007 2227 1079 2299 sive
1097 2243 1215 2323 agatur
1231 2227 1275 2299 de

157 2364 194 2413 re
207 2366 270 2440 per
282 2339 390 2439 legem
407 2359 607 2443 praecepta,
629 2344 700 2416 sive
717 2343 759 2415 de
778 2368 813 2414 rc
831 2368 890 2442 per
915 2341 1023 2438 legem
1050 2342 1270 2440 permissam

151 2455 248 2528 idem
260 2531 262 2534 ,
274 2456 404 2530 recidit.
423 2458 599 2557 'Siquidem
622 2475 716 2531 actus
740 2457 900 2530 connubii
918 2456 1032 2557 civilis
1050 2457 1093 2529 ad
1111 2455 1274 2529 ecclesiae

156 2571 403 2660 exclusionem,
420 2572 462 2645 de
475 2599 543 2672 quo
556 2581 609 2646 est
621 2579 744 2661 Sermo,
765 2589 817 2646 est
834 2590 948 2659 actae,
970 2573 1028 2672 qui
1049 2598 1069 2644 a
1087 2571 1274 2646 christiano

159 2688 234 2762 viro
251 2686 345 2762 nulla
362 2688 491 2762 ratione
507 2690 585 2789 poni
600 2704 728 2789 potest,
744 2691 872 2788 quique
885 2695 995 2788 perse
1007 2688 1134 2761 nullius
1151 2703 1204 2761 est
1221 2715 1279 2761 ro-⁴

158 2802 254 2876 horis
272 2802 467 2904 nulliusque
493 2804 593 2904 plane
617 2804 761 2892 valoris,
783 2804 961 2904 quidquid,
975 2804 1117 2876 demum
1129 2803 1181 2904 lex
1199 2829 1277 2876 eon-

157 2933 212 2990 tra
229 2919 403 2994 ecclesiam
424 2920 621 3008 constituat,
639 2947 699 2994 seu
713 2937 765 2993 est
777 2935 886 3007 actae,
899 2919 959 3019 qui
973 2944 1051 3019 cum
1065 2916 1274 3016 professione

158 3033 346 3136 christiana
362 3037 548 3110 consistere
565 3037 699 3136 nequit,
722 3062 830 3133 neque
847 3033 1021 3134 componi,
1043 3033 1195 3131 adeoque
1212 3031 1271 3103 ubi

157 3151 354 3253 agnoscitur
371 3151 557 3225 christiana
574 3178 635 3224 seu
648 3150 815 3224 catholica
828 3149 957 3245 religio,
975 3173 1036 3220 nec
1048 3147 1198 3247 'praecipi
1212 3172 1274 3220 nec

157 3266 305 3363 permitti
321 3282 432 3365 potest
449 3293 470 3338 a
487 3266 560 3363 lege
578 3266 654 3338 ideo
671 3272 820 3352 tantum,
841 3263 1032 3362 quodcivis
1050 3289 1070 3334 a
1088 3262 1278 3336 christiano

158 3381 407 3482 distinguatur,
421 3383 574 3482 Denique
600 3408 676 3454 cum
694 3380 860 3466 eiusmodi
875 3379 1012 3478 nuptiae
1034 3405 1146 3451 coram
1168 3380 1275 3476 magi-

159 3512 266 3570 stratu
279 3480 371 3570 civili
381 3498 567 3571 celebratae
576 3497 680 3571 semel
691 3496 826 3582 luerint,
839 3495 1113 3599 pseudo-politici
1127 3506 1193 3568 sua
1202 3496 1276 3592 lege

158 3611 237 3685 illas
249 3613 389 3687 omnino
402 3616 546 3712 positive
562 3629 697 3687 tuentur
710 3629 811 3711 atque
824 3610 1020 3715 defendunt,
1037 3611 1083 3684 ita
1097 3626 1134 3684 ut
1147 3610 1190 3683 ab
1205 3610 1271 3682 illis

157 3728 289 3802 resilire
301 3738 369 3802 non
387 3729 504 3817 liceat,
522 3757 561 3804 ac
575 3729 604 3803 si
619 3729 701 3801 alter
714 3727 895 3831 coniugum
908 3726 951 3798 ab
965 3725 1033 3799 illis
1052 3753 1088 3800 se
1107 3725 1284 3811 retrahat,
1328 3794 1330 3799 .

157 3843 250 3916 hunc
263 3853 432 3941 coguntut
441 3853 647 3944 permaneat.
659 3847 723 3918 Lex
736 3844 861 3917 idcirco
874 3842 987 3942 quoad
1001 3857 1112 3916 actum
1126 3841 1274 3913 loturum
1316 3909 1318 3913 ,

153 3961 508 4060 permissivequidem
522 3977 594 4047 est,
610 3943 772 4034 aceolum
787 3959 977 4061 facultatem
990 3959 1144 4058 praebet;
1162 3956 1273 4055 quoad

158 4091 272 4175 actum
283 4102 362 4152 vero
376 4084 649 4181 consummatum
659 4077 804 4178 maxime
812 4077 957 4173 positive
967 4086 1030 4161 est,
1041 4074 1196 4178 cogitque
1210 4071 1273 4144 sub
1370 4081 1374 4085 ’

159 4192 432 4294 interminatione
445 4220 627 4293 poenarum
640 4252 647 4280 ,
664 4208 701 4265 ut
713 4199 811 4266 actus
821 4192 954 4288 integer,
962 4202 1141 4287 sartosque
1154 4186 1285 4291 habea-s

159 4326 233 4398 tur,
250 4336 290 4385 ac
307 4311 449 4411 proinde
466 4311 586 4383 iterum
600 4309 752 4407 apprime
769 4294 1091 4407 quadrant-adducta
1104 4295 1284 4402 exempla„

322 4517 346 4576 s
