2872 5062
205 379 1105 463 csr.rv.sxrmn.aao.uuuru.ssoa.auruspicrnsn.
1160 365 1225 438 101

120 513 249 597 potest;
268 523 309 593 ac
326 512 502 596 propterea
524 497 666 570 existere
691 513 800 596 potest
824 513 1015 576 contractus
1046 500 1234 600 coniugalia

118 612 272 700 salidus,
301 613 384 712 quin
410 612 454 686 sit
478 627 736 686 sacramentum.
1215 674 1218 679 .

192 726 237 800 At
259 752 434 826 perperam
455 744 663 800 exustarum
684 729 936 802 auctoritatibus
950 730 984 801 id
997 731 1234 821 concluditu-

120 841 184 915 eile
208 858 260 915 est
283 843 472 916 ostendere.
490 844 574 915 Nam
598 845 630 913 t.
654 858 779 916 certum
804 859 874 931 est,
901 859 933 916 et
956 845 1023 944 ipsi
1049 845 1238 921 adversarii

121 957 322 1044 concedunt,
351 958 565 1030 matrimonia
583 957 642 1030 illa
659 959 766 1032 luisse
782 985 822 1032 ex
839 961 972 1058 patrum
994 962 1158 1036 sententia
1174 988 1235 1037 va·

120 1071 211 1160 lida,
227 1097 304 1169 ergo
321 1070 504 1146 adversarii
530 1072 616 1144 nihil
641 1099 681 1146 ex
705 1073 759 1147 his
784 1073 985 1148 testimoniis
1003 1101 1065 1174 pro
1082 1103 1144 1150 sua
1161 1077 1237 1177 opi-

120 1188 220 1261 nione
236 1187 399 1261 conficere
416 1203 576 1287 possunt,
598 1188 665 1261 nisi
684 1206 876 1288 supponant
888 1189 1147 1266 in'matrimonio
1158 1218 1235 1266 con·-

121 1319 262 1377 tractum
279 1329 301 1376 a
318 1319 525 1377 sacramento
543 1304 692 1403 separari
710 1330 829 1405 posse;
851 1331 950 1404 porro
967 1306 1032 1380 hoo
1049 1306 1161 1406 ipsum
1180 1324 1236 1383 est

120 1417 156 1490 in
180 1417 399 1517 quaestione,
419 1443 480 1492 seu
504 1419 617 1518 potius
641 1418 707 1492 hoc
731 1446 797 1492 non
823 1435 875 1495 est
899 1419 966 1492 nisi
989 1423 1233 1498 consectarium

119 1534 271 1633 ipsorum
292 1533 480 1634 opinionis,
500 1534 544 1607 de
567 1561 635 1634 qua
660 1535 867 1635 disputatur;
895 1561 974 1634 crgo
999 1552 1118 1635 petunt
1141 1539 1235 1638 prin.

119 1649 258 1750 cipium.
275 1650 344 1723 Nos
362 1665 476 1735 cenna
493 1666 609 1751 postea
626 1650 862 1750 probabimus,
879 1677 919 1725 ex
935 1667 1082 1725 veterum
1100 1669 1233 1752 patmus

120 1782 153 1839 et
176 1766 288 1865 ipsius
314 1764 477 1839 ecclesiae
502 1766 666 1839 sententia
691 1781 896 1840 contractum
920 1793 942 1840 a
966 1786 1179 1845 sacramento
1198 1764 1233 1844 ln

119 1879 331 1955 matrimonio
348 1879 533 1956 christiano
551 1881 700 1980 separari
718 1906 783 1954 non
804 1907 915 1981 posse.
937 1885 971 1954 2.
993 1883 1103 1969 Quum
1121 1880 1235 1985 patres

119 1997 236 2070 dieunt
247 1996 291 2069 de
303 1995 360 2069 his
372 1996 595 2070 matrimoniis
613 2023 690 2070 csse
713 1998 781 2070 lere
799 1998 975 2086 adulteria,
995 2025 1062 2072 non
1080 2000 1231 2086 obstant,

98 2207 100 2211 ‚
120 2111 300 2210 quominus
313 2111 381 2184 sint
391 2110 521 2198 valida,
534 2113 597 2184 etsi
611 2113 817 2186 infructuose
830 2129 999 2212 suscepta,
1011 2131 1230 2191 sacramenta.

123 2226 197 2313 Quo
217 2227 346 2301 detecto
368 2227 450 2300 vitio
468 2227 503 2298 in
522 2228 790 2301 adversariorum
813 2228 1100 2323 argumentatione
1117 2254 1157 2301 ex
1175 2256 1236 2329 pa-

122 2358 208 2415 trum
232 2341 361 2428 effatis,
389 2367 430 2414 ea
453 2343 590 2414 omnino
607 2368 647 2414 ac
664 2341 764 2442 plane
787 2342 921 2414 corruit.
943 2342 1005 2415 His
1023 2342 1237 2417 animadvera

120 2457 189 2545 sis,
209 2456 265 2530 sio
278 2460 345 2530 iam
361 2455 558 2555 singillatim
583 2457 728 2529 adducta
749 2456 938 2530 testimonie
960 2459 1199 2557 percurrimus.
1270 2490 1272 2493 ’

153 2585 155 2589 ’
190 2571 321 2646 Ordine
342 2572 434 2645 venit
459 2573 587 2671 primus
608 2572 775 2659 Galixtus;
813 2571 879 2645 iam
903 2598 983 2645 vero
1006 2572 1042 2644 in
1067 2573 1153 2646 falsa
1176 2573 1236 2647 de

121 2686 233 2761 cretali
251 2686 296 2759 ad
313 2712 430 2763 omnes
456 2687 636 2761 Galliarum
661 2688 860 2787 episcopos,
882 2714 1038 2787 quaeque
1057 2689 1235 2764 refertura

124 2802 276 2877 fautiano
290 2803 401 2886 Omen
419 2803 479 2875 ΙΙΙ.
499 2807 586 2898 (non
603 2820 714 2876 autem
730 2803 780 2876 uti
791 2802 915 2877 aliano
928 2804 1049 2876 citatur
1062 2805 1171 2877 Conso
1184 2806 1232 2900 l.)

124 2942 183 3016 qu.
202 2918 324 3018 Leap.
345 2919 377 2991 l.
396 2918 729 3016 consanguineorum,
750 2917 834 2990 haec
851 2917 1028 2990 habentur.
1041 2947 1058 2988 α
1071 2917 1235 3017 Quisquis
1358 2993 1380 3012 x

122 3043 202 3132 argo
226 3059 293 3108 aen
317 3050 370 3108 est
396 3033 543 3131 legitime
567 3034 782 3119 coniunctum
803 3032 856 3106 vel
873 3032 1003 3130 absque
1018 3031 1125 3104 dotali
1141 3033 1235 3105 titulo

121 3174 162 3223 ac
181 3148 419 3225 benedictione
451 3149 634 3224 sacerdotis
660 3163 789 3222 constat
813 3146 1008 3245 copulatus,
1045 3147 1234 3221 sacerdotes
1320 3183 1322 3188 ·

120 3263 175 3338 sel
198 3264 348 3362 legitime
366 3265 563 3339 coniunctos
580 3262 749 3338 criminari
760 3261 841 3348 ‚uel
859 3262 892 3334 in
911 3287 968 3337 eos
987 3260 1159 3334 testificari
1176 3262 1236 3335 mi·

123 3379 213 3457 nime
230 3395 354 3480 potest:
375 3381 535 3480 quoniam
556 3379 675 3453 omnis
688 3378 807 3452 incesti
833 3378 982 3451 criminis
1007 3377 1141 3451 macula
1163 3377 1236 3477 pol-

124 3493 213 3568 lutus
230 3495 367 3568 infamis
378 3511 446 3582 cst,
463 3509 496 3567 et
509 3519 667 3567 accusare
681 3492 891 3592 supradictos
905 3519 972 3565 non
985 3493 1231 3592 permittatur.»

125 3608 187 3683 llic
204 3608 511 3709 pseudoGalintuS,
532 3625 570 3680 ut
586 3623 693 3706 patet,
721 3606 838 3679 eadem
863 3607 992 3680 ratione
1016 3606 1164 3706 loquitur
1193 3606 1236 3681 de

125 3724 334 3798 sacerdotalis
360 3722 585 3796 benedictionis
611 3723 760 3808 defectu,
782 3747 820 3794 ae
838 3722 880 3794 de
897 3722 1028 3795 delectu
1054 3721 1173 3794 dotalis
1198 3723 1237 3793 ti·

127 3840 213 3926 nti,
244 3865 343 3913 nemo
371 3855 481 3912 autem
505 3837 627 3912 dixerit
650 3836 694 3910 ob
718 3837 884 3910 delectum
910 3838 1002 3910 tituli
1024 3836 1144 3908 dotalis
1168 3861 1235 3909 uon

121 3955 244 4031 'confici
268 3950 534 4041 sacramentum,
562 3953 752 4053 irritarique
777 3953 988 4051 coniugium,
1010 3968 1067 4027 aut
1091 3950 1236 4049 dotalem

127 4069 259 4146 titulum
276 4085 428 4170 spectare
444 4070 487 4143 ad
505 4069 704 4149 sacramenti
721 4069 959 4144 substantiam.
971 4070 1043 4141 Non
1061 4065 1164 4164 igitur
1180 4065 1237 4142 hic

126 4199 235 4259 textus
259 4200 468 4287 opportunus
493 4200 545 4259 est
569 4185 747 4260 dicendae.

197 4300 289 4375 Alter
304 4316 356 4376 est
368 4299 518 4388 Sinicius,
531 4301 591 4400 qui
608 4300 643 4372 in
661 4299 759 4400 epist.
771 4298 814 4373 ad
828 4297 1013 4383 Himerium
1024 4312 1237 4375 tarraconen-
