2872 5062
157 329 178 398 8
348 345 410 396 un.
433 346 455 394 ι.
477 343 562 394 seer.
585 345 606 393 ι.
629 344 668 392 nn
694 344 826 393 uasere.
848 341 1060 392 sicniuenro.

156 464 325 537 solvuntur
343 476 606 534 coroeueocteou
624 459 676 531 dic
696 462 785 555 (to).
808 458 872 545 Qui
891 459 1097 544 mositidem
1116 474 1273 532 senatur.

157 580 416 672 ingceterorum
435 591 718 650 sacramentorum
749 575 957 674 receptione,
983 573 1183 672 praesentim
1208 573 1271 646 ba·

157 693 272 792 ptismi
298 710 332 766 et
355 691 691 786 ordinationis-tbi).
979 766 982 775 ,
1266 765 1270 774 ,

231 808 460 919 Exploratum.
473 807 586 906 iteque
607 823 658 881 est
678 832 781 906 penes
801 822 979 905 utramque
999 805 1175 879 ecclesiam
1188 831 1270 880 oon-

158 924 299 1012 uubium
323 924 512 1001 utiterum
537 938 570 995 et
595 923 891 1022 proprium-novae
915 920 999 1018 legis
1024 938 1272 995 sacramentum

159 1041 280 1138 iugiter
296 1039 458 1113 creditum
475 1037 593 1111 fuisse.
621 1038 770 1136 ldipsum
789 1052 919 1111 constat
935 1036 1142 1116 inecclesiis
1163 1037 1274 1111 orien-

159 1155 284 1243 talibus
302 1155 375 1228 sive
391 1153 586 1226 orthodoxis
605 1154 676 1226 eive
693 1153 918 1240 heterodoxis,
935 1177 1057 1250 nempe
1071 1151 1272 1234 nestorianis

159 1268 464 1371 etmonopbysitis
485 1268 684 1343 obtinuisse.
710 1269 759 1342 De
779 1268 972 1343 orthodoxis
998 1294 1070 1342 senv
1084 1266 1272 1354 meichitis,
1293 1261 1296 1266 ’

159 1384 253 1458 nulia
270 1398 380 1482 potest
396 1383 539 1458 subesse
555 1383 737 1469 dubitatio;
755 1409 831 1456 cum
849 1383 938 1455 enim
956 1382 1275 1456 communicaverint

161 1526 239 1592 epm
269 1497 412 1573 ecclesia
425 1550 428 1555 <
441 1524 599 1586 romana,
628 1525 748 1598 nempe
777 1498 960 1584 catholica,
988 1523 1128 1571 necesse
1158 1512 1276 1570 estut

162 1614 314 1700 eamdem
341 1613 441 1688 fidem
467 1613 802 1714 professae-inerint.
823 1613 976 1688 Ceterum
1002 1640 1077 1687 cum
1103 1612 1277 1710 agraecis

163 1729 342 1819 orientales
369 1730 458 1815 ritus
478 1756 557 1804 suos
569 1756 703 1827 magna
725 1728 844 1803 saltem
865 1755 905 1802 ex
925 1746 1018 1829 parte
1039 1727 1296 1802 hauserinteb

164 1842 443 1932 immemorabili,
457 1844 533 1922 boc,
541 1845 617 1944 ipso
635 1861 677 1918 et
690 1844 891 1918 matrimonii
910 1843 1100 1917 celebrandi
1125 1843 1279 1924 ritumet

163 1958 358 2037 doctrinam
380 1957 426 2031 ab
453 1959 648 2058 ipsis-sunt
676 1960 830 2034 mutuati.
861 1960 1021 2058 Superest
1050 1958 1163 2056 igitur
1181 1975 1219 2030 ut
1242 1957 1277 2029 id

163 2074 281 2174 ipsum.
293 2074 485 2149 euincamus
504 2074 670 2155 desectis
683 2075 755 2148 ‘iam
773 2103 794 2148 a
810 2075 928 2174 quinto
949 2073 1083 2147 saeculo
1105 2073 1147 2147 ab
1171 2073 1277 2147 eccie-

164 2189 629 2277 sia,seiunctis„cuiusmodi
652 2207 731 2265 sunt
752 2190 933 2265 nestoriani
954 2207 987 2262 ct
999 2179 1276 2288 monophysitae,

164 2305 222 2403 qui
239 2319 278 2377 ut
294 2305 485 2402 contingere
502 2304 587 2379 solet
604 2305 639 2377 in
655 2307 768 2380 varias
789 2323 897 2379 sectas
912 2305 960 2377 ab
983 2304 1125 2386 invicem
1143 2330 1180 2377 se
1197 2302 1278 2385 sub7

164 2419 362 2508 diviserunt.
399 2444 401 2448 ⁴

170 2598 173 2603 ⁴
218 2521 221 2524 ⁴
238 2531 335 2622 Quod
353 2536 494 2630 proinde
511 2551 640 2634 spectat
655 2536 699 2608 ad
717 2563 814 2636 syme
831 2537 1056 2624 nestorianos,
1072 2536 1175 2616 huius
1188 2534 1279 2634 apud

166 2647 262 2746 ipsos
288 2645 385 2735 fidei,
411 2649 500 2746 quod
526 2675 646 2749 nempe
671 2651 919 2724 matrimonium
946 2651 990 2725 sit
1015 2666 1278 2736 sacramentum,

167 2775 285 2849 testem
315 2761 477 2835 habemus
507 2762 807 2862 locupletissimum
837 2763 964 2837 Suialra
991 2765 1214 2864 patriarcham
1245 2764 1280 2834 in

168 2876 377 2976 professione
395 2878 491 2966 fidei,
512 2881 754 2978 quamRomae
771 2879 882 2952 adhuc
901 2880 1095 2955 monachus
1107 2905 1161 2952 an.
1185 2881 1278 2952 tete
1298 2924 1300 2931 ι

169 2991 299 3082 emisit,
328 2991 363 3063 in
388 3010 762 3091 qua-sacramentorum
792 3021 929 3071 numero
956 2993 1202 3067 matrimonium
1229 2993 1299 3064 di·¹

170 3123 259 3188 sente
284 3106 444 3215 adscribit
469 3107 650 3208 inquiens:
673 3141 690 3178 «
705 3109 881 3184 Credimus
907 3136 1042 3211 quoque
1067 3110 1101 3181 in
1116 3125 1279 3184 :sanctum

169 3219 339 3319 baptisma
349 3238 388 3310 ,et
401 3222 656 3308 ,insacriiicium
675 3225 765 3325 quod
779 3243 831 3299 cst
847 3252 969 3324 corpus
987 3242 1019 3297 et
1036 3224 1178 3321 sanguis·
1189 3223 1283 3304 Chri·

171 3336 234 3423 sti,
254 3350 288 3408 et
304 3336 579 3424 insacerdotium
602 3358 751 3414 sanctum
765 3341 860 3422 etin
881 3340 1133 3421 matrimonium
1153 3342 1241 3435 (21).
1261 3369 1279 3408 o

172 3450 255 3522 Item
280 3466 397 3524 testem
424 3451 587 3527 babemus
606 3453 792 3542 Ebediesu,
815 3455 873 3554 qui
893 3480 996 3551 agens
1016 3453 1054 3524 dc
1072 3440 1284 3526 succurrentis

172 3564 337 3650 ccclesiae,
363 3567 635 3654 demetrimonio
649 3569 988 3669 „eiusquemysteriis
1010 3570 1142 3644 scribit:
1167 3599 1185 3638 ιι
1200 3595 1282 3643 con-

246 3814 296 3877 (19)
313 3816 379 3865 Haec
389 3815 463 3866 huius
472 3816 589 3877 orationis
595 3817 699 3867 formula
708 3819 753 3868 est:
766 3817 884 3868 «Domine
890 3820 957 3868 Deus
963 3819 1055 3880 noster,
1063 3816 1106 3880 qui
1114 3816 1285 3866 anuicorouae

174 3892 334 3957 benedixisti3
349 3895 374 3944 et
386 3894 431 3944 iras
442 3896 683 3954 caronnaconnnuii
693 3897 747 3960 iege
761 3897 793 3947 ad
810 3897 914 3947 invicem
929 3897 1020 3953 iunctis
1035 3896 1129 3960 imponi
1145 3895 1285 3958 tradidisti,

172 3973 249 4032 vetuti
260 3973 425 4036 continentiae
438 3975 574 4028 mercedem
584 3977 620 4027 eis
631 3977 748 4040 reddens,
760 3977 819 4040 quia
827 3977 882 4041 puri
894 3977 926 4028 ed
938 3979 1036 4040 nuptias
1044 3990 1060 4026 a
1069 3978 1094 4027 te
1102 3977 1208 4027 sancitas
1218 3989 1284 4026 com·

174 4053 321 4104 nuntiarunt
331 4057 394 4105 eteo
404 4056 443 4105 ct.
452 4056 477 4105 in
488 4057 551 4107 hano
559 4057 680 4107 actionem
690 4060 761 4108 notas
771 4058 853 4108 Goerii
867 4058 885 4108 1.
896 4071 919 4108 c.

246 4134 344 4196 (tomi.
356 4136 474 4186 Goarium
489 4138 506 4186 1.
522 4151 544 4186 c.
560 4180 565 4187 ,
583 4193 584 4196 ¹

247 4213 296 4275 (at)
305 4214 386 4264 ctio.
396 4216 488 4266 simon.
499 4221 658 4273 assemanum
667 4217 830 4268 Bibliotheca
838 4217 981 4269 orientalia.
992 4220 1083 4270 Romae
1095 4221 1232 4272 titatom,
1241 4221 1284 4270 lli.

173 4308 224 4358 per.
237 4297 271 4345 11.
282 4299 389 4347 Dmert.
403 4297 435 4348 dc
448 4302 513 4368 syris
527 4300 683 4354 nestorianis
697 4311 752 4361 pag.
763 4299 892 4348 cccxvii
903 4310 971 4360 seqq.
