2872 5062
161 381 230 450 lth
372 402 433 452 un.
450 403 474 450 r„
491 399 577 450 seor.
594 401 617 448 r.
635 401 676 449 oe
692 400 823 450 annun.
840 399 1054 451 anemurum.

157 518 410 606 adnotavimus,
440 517 580 591 refertur
595 516 639 590 ad
656 518 818 590 rationem
836 518 1042 617 exprimendi
1060 544 1264 594 consensum

162 636 234 709 sire
257 635 392 721 verbis,
414 635 485 708 sive
502 632 657 719 nutibus,
678 634 844 706 interdum
870 634 968 707 etiam
995 660 1055 735 per
1082 635 1209 709 litteras
1232 652 1269 709 et

162 777 222 850 per
252 752 511 849 procuratorem.
528 747 687 835 Demum,
716 749 806 848 quod
836 767 966 823 amovet
996 775 1127 823 omnem
1158 751 1268 823 ambi·

161 865 320 963 guitatem
345 881 397 938 est
421 880 530 938 textus
554 864 628 963 ipse
653 863 804 950 concilii,
826 889 886 936 seu
904 864 1043 960 Eugenii
1061 864 1113 935 lv.
1135 866 1194 964 qui
1215 866 1269 937 in-

160 981 260 1082 cipit:
273 983 452 1080 Septimum
463 995 511 1052 est
522 995 758 1053 sacromentum
769 982 969 1051 matrimonii
974 1009 986 1066 ,·
997 1005 1076 1077 ergo
1088 981 1267 1054 concilium

161 1114 249 1170 certe
273 1099 472 1168 sacramenti
496 1122 632 1169 oausam
658 1095 824 1194 explicare
841 1095 995 1168 intendit.

235 1210 465 1284 Tridentinum
489 1209 556 1285 non
582 1213 693 1284 minus
719 1211 896 1311 perspicue
913 1211 976 1284 hos
993 1212 1128 1285 eosdem
1146 1239 1270 1286 sensus

164 1325 334 1423 patefacit.
351 1327 483 1398 Etenim
499 1326 678 1401 concilium
697 1326 787 1400 istud
804 1328 992 1414 constituit,
1012 1322 1185 1401 Christum
1198 1356 1271 1402 ma-

162 1439 376 1526 trimonium,
407 1441 496 1539 quod
522 1441 565 1514 ah
590 1441 686 1514 initio
710 1442 800 1514 Deus
826 1456 905 1514 ante
928 1457 1101 1539 peccatum
1127 1442 1272 1515 instituit

163 1555 249 1628 inter
281 1571 532 1655 protoparentes
564 1558 614 1629 uti
653 1558 793 1653 figuram
828 1557 958 1629 futurae
996 1555 1122 1630 Christi
1161 1557 1272 1656 ipsius

163 1696 240 1744 eum
265 1670 407 1744 ecclesia
432 1673 695 1760 coniunctionis,
723 1671 881 1771 quodque
906 1671 1134 1745 continuatum
1159 1688 1212 1745 est
1237 1674 1272 1744 in

165 1784 290 1886 populo
315 1785 375 1858 Dei
402 1800 572 1885 tamquam
597 1813 710 1860 meme
735 1786 899 1859 naturalis
930 1801 1137 1872 contractus,
1167 1786 1275 1884 gratia

165 1927 229 1974 sua
252 1901 454 1988 adornasse,
482 1916 584 2001 atque
608 1903 655 1974 ita
680 1917 925 1975 sacramentum
945 1901 1078 1974 secisse.
1094 1901 1177 1974 Cum
1195 1927 1275 2000 pro-

166 2015 246 2090 inde
259 2031 390 2115 praeter
401 2016 527 2114 gratiae
538 2018 768 2091 accessionem
782 2016 867 2089 nihii
881 2015 1034 2089 Christus
1048 2017 1275 2091 immutaverit

167 2133 203 2204 in
229 2131 356 2232 nuptiis
381 2132 592 2218 christianis,
622 2158 832 2233 consequens
856 2147 909 2205 est
931 2131 1009 2205 illos
1033 2132 1275 2232 eosdem,2qui

166 2249 261 2348 prius¹
286 2247 422 2348 nuptias
444 2248 691 2322 contrahebant
719 2249 793 2321 sine
821 2247 1031 2320 sacerdotum
1063 2246 1273 2333 ministerio,

166 2364 349 2463 hos-ipsos
363 2363 410 2434 in
435 2389 522 2437 nova
546 2361 626 2461 lege?
645 2363 898 2436 matrimonium¹
913 2360 996 2434 illud
1014 2361 1162 2447 efficere,
1183 2361 1275 2461 quod

166 2480 331 2554 adnexam
356 2504 397 2551 ex
422 2505 459 2552 se
483 2480 564 2578 ipso
584 2480 726 2576 gratiam
751 2479 952 2551 habeasne
976 2478 1066 2576 quod
1092 2477 1272 2564 idemest,

167 2595 301 2668 eosdem
327 2595 560 2668 contrahentes
585 2620 662 2667 esse
687 2594 861 2667 ministros
878 2592 1080 2666 sacramenti·
1095 2591 1176 2664 dum
1197 2592 1277 2689 legi-

168 2711 249 2784 time
273 2709 339 2782 sihi
373 2710 514 2783 invicem
549 2709 707 2810 praebent
738 2734 964 2794 consensum,
991 2708 1051 2808 qui
1084 2723 1180 2780 erant
1212 2708 1276 2778 mi-

160 2823 265 2898 nistri
292 2840 481 2898 contractus
506 2825 693 2922 coniugalis
719 2824 793 2898 sine
818 2824 1005 2897 sacerdotis
1031 2822 1218 2895 interventu
1237 2847 1277 2894 ac

165 2940 413 3014 >benedictionis
439 2940 656 3026 necessitate,
677 2964 764 3037 quae
782 2964 848 3012 nen
867 2938 1023 3010 adiicitur
1040 2937 1166 3009 nisiex
1185 2960 1277 3034 prae

170 3072 264 3156 cepto
281 3054 444 3128 ecclesiae
461 3054 504 3126 ad
523 3053 681 3126 maiorem
699 3052 958 3139 solemnitatem,
978 3068 1011 3124 et
1028 3077 1070 3122 ne
1086 3050 1276 3124 clanculum

159 3170 365 3243 celebretur.
380 3168 488 3242 Verba
512 3168 645 3242 concilii
669 3170 738 3241 iam
752 3168 909 3267 superius
934 3166 1105 3252 dedimus,
1126 3188 1166 3239 ao
1187 3165 1277 3238 idem

168 3300 403 3382 argumentum
428 3283 727 3383 superstruximus.
1209 3304 1212 3309 ·

243 3400 404 3488 Rursum,
432 3400 521 3472 idem
546 3398 724 3472 concilium
751 3397 928 3470 anathema
951 3397 1036 3470 dicit
1052 3397 1114 3482 iis,
1136 3396 1196 3495 qui
1218 3421 1278 3468 ne-

171 3515 322 3612 gaterint
351 3515 562 3588 matrimonia
591 3513 816 3595 clandestina,
849 3529 1028 3611 antequam
1059 3511 1103 3584 ab
1134 3511 1279 3585 eeclesia

171 3631 401 3718 irritarentur,
431 3630 537 3704 fuisse
560 3655 638 3701 cero
662 3645 696 3701 et
721 3643 798 3726 roto
826 3627 1049 3701 matrimonia.
1069 3628 1171 3699 Porro
1194 3651 1280 3700 usus

171 3748 330 3848 loquendi
356 3748 390 3819 in
416 3746 559 3820 ecelesia
583 3761 690 3819 aetate
707 3745 879 3818 tridentini
896 3743 1055 3844 postulat,
1075 3758 1114 3815 ut
1130 3742 1196 3815 hac
1212 3742 1280 3816 sor-

173 3862 264 3936 mula
296 3863 548 3959 disignarentur
574 3859 787 3932 matrimonia
820 3875 917 3958 prout
948 3875 1026 3930 sunt
1057 3872 1276 3930 sacramenta.

172 3979 257 4050 Nam
281 3978 417 4076 insigne
442 3992 494 4049 eat
517 3976 582 4049 hac
605 3975 647 4050 de
671 4001 707 4048 re
724 3975 908 4048 Innocentii
927 3975 987 4046 111.
1007 3970 1185 4047 Decretum
1201 3958 1276 4071 cap.

173 4093 319 4179 Quanto,
349 4092 384 4162 in
409 4116 477 4191 quo
494 4091 695 4177 discrimen,
715 4089 807 4190 quod
829 4087 1003 4163 intercedit
1012 4088 1105 4160 inter
1126 4086 1281 4183 coniugia

174 4208 208 4279 in
234 4206 432 4280 infidelitate
456 4221 637 4294 contracta,
666 4230 821 4308 quaeque
845 4232 905 4305 per
932 4203 1184 4279 conversionem
1202 4201 1279 4274 alte

174 4322 298 4396 nutrius
323 4321 476 4418 coniugis
501 4321 585 4396 solvi
604 4321 770 4395 interdum
788 4335 948 4420 possunt,
969 4335 1002 4392 at
1015 4317 1172 4414 coniugia
1188 4315 1278 4392 chri-
