2872 5062
335 379 402 430 etr.
424 381 459 432 11.
482 382 522 431 ns
548 381 648 433 rnsrr.
670 381 781 433 conns.
803 382 841 432 nr
859 381 945 432 saca.
967 381 1036 432 tar.
1054 381 1092 432 u.
1195 359 1263 433 203

159 496 311 570 doctrina
332 497 416 570 haec
440 514 553 572 nostra
577 499 620 572 de
645 497 929 597 inseparabilitate
953 512 1140 573 contractus
1165 524 1186 571 a
1210 524 1266 572 sa-

159 628 329 686 cramento
346 613 381 684 in
398 614 553 710 coniugio
571 611 739 701 fidelium,
759 638 825 688 non
843 614 1040 688 inniteretur
1056 613 1123 686 nisi
1140 612 1265 687 liberae

159 727 332 825 opinioni,
360 753 480 826 quam,
509 728 603 802 salva
629 727 712 816 lide,
740 727 917 827 omnisque
941 727 1134 801 temeritatis
1159 742 1261 814 nota,

162 858 302 940 possent
326 843 434 942 plane
450 869 618 945 respuere.

231 957 386 1032 Ceterum
404 983 466 1033 nos
483 959 670 1034 insistimus
694 961 797 1033 veteri
821 959 1054 1058 communique
1078 957 1261 1044 doetrinae,

158 1098 261 1172 quam
285 1072 383 1145 unice
406 1098 518 1154 verum
544 1073 751 1147 ostendimus
775 1071 971 1173 praesertim
1001 1088 1078 1172 post
1106 1087 1153 1145 tot
1178 1097 1260 1144 rom.

157 1184 355 1285 pontificum
379 1185 604 1260 authenticam
629 1186 903 1274 declarationem,
931 1186 1023 1260 etin
1049 1211 1116 1286 qua
1140 1183 1264 1259 clarius

159 1300 357 1401 firmiusque
381 1301 545 1376 catholiea
569 1301 719 1376 doctrina
743 1301 786 1375 de
810 1301 981 1377 identitate
1012 1314 1200 1377 contractus
1232 1317 1274 1397 et,

158 1417 358 1492 sacramenti
383 1418 419 1490 in
444 1418 628 1492 christiano
653 1418 808 1518 coniugio
833 1418 984 1518 patescit.

232 1533 294 1605 Per
318 1530 407 1605 hanc
427 1533 516 1606 enim
540 1533 649 1607 omnis
674 1533 859 1608 occluditur
882 1533 1127 1608 ecclesiasticae
1151 1545 1265 1605 aucto·

130 1653 131 1656 ’
158 1635 269 1719 nitatis
294 1645 496 1720 adversariis
513 1647 676 1721 evadendi
695 1648 822 1736 aditus,
843 1673 930 1749 quae
946 1646 1081 1747 quidem
1099 1644 1263 1719 evadendi

156 1760 264 1834 libido
288 1762 469 1862 praecipua
494 1778 545 1837 eet
569 1764 672 1851 ratio,
700 1763 744 1838 oh
769 1789 871 1863 quam
897 1764 961 1863 ipsi
988 1761 1147 1835 libentius
1180 1759 1262 1832 Cani

157 1875 330 1949 doctrinae
353 1876 577 1966 adhaereant,
605 1879 683 1953 licet
706 1879 870 1953 immerito
896 1896 928 1952 et
953 1878 1075 1950 iniuria
1104 1891 1150 1949 tot
1179 1875 1263 1950 insi·

157 1991 274 2089 guium
300 1991 545 2090 theologorum,
566 1995 624 2093 qui
651 2021 723 2068 eam
750 1995 891 2095 amplexi
917 2007 1179 2094 propugnarunt.
