2872 5062
162 330 231 400 tet
344 351 406 401 nn.
426 350 449 401 t.
470 349 577 399 sscrro
600 350 730 400 urnas.
751 350 792 399 ns
807 350 939 401 sirus.
960 350 1067 402 urim.

160 471 208 542 ita
223 484 256 541 et
277 464 534 567 pseudopolitici
558 464 661 540 veluti
686 467 820 564 agmine
845 467 932 542 lacto
953 485 1070 543 contra
1091 493 1190 543 uerae
1214 496 1265 544 re-

159 582 293 680 ligionis
317 583 529 655 intemeratas
562 578 654 677 leges
687 583 892 679 conspirant.
925 582 975 654 llx
1003 582 1070 655 hoc
1099 601 1264 659 venenato

157 698 348 797 infectoque
363 698 454 770 lonte
473 696 609 794 agnosci
627 696 725 770 dehet
740 697 881 771 facilitas
899 697 976 784 illa,
995 723 1084 797 quae
1099 696 1136 769 in
1152 699 1265 796 puhli-

158 813 209 887 cis
221 811 366 886 comitiis
379 812 446 884 iam
458 811 502 884 ah
514 811 642 910 aliquot
654 811 752 884 annis
765 813 912 885 comitur
927 811 1093 911 probandi
1105 813 1265 912 adoptan-

159 926 262 1025 dique
281 926 387 1022 legen,
413 950 500 1025 quae
523 941 639 1023 aperta
660 925 766 999 fronte
791 926 943 1023 religioni
968 953 1009 1000 ac
1033 928 1185 1001 iustitiae
1204 928 1264 1000 ad.-

157 1056 350 1127 versantur,
370 1066 491 1137 magno
515 1065 592 1113 cum
617 1040 834 1114 honestorum
859 1042 982 1115 civium
1007 1042 1209 1116 detrimento
1224 1069 1263 1116 ac

158 1182 318 1231 moerore.
343 1157 426 1230 Nam
451 1156 541 1230 haud
567 1157 664 1255 pauci
683 1156 785 1230 exiis
810 1157 907 1256 ipsis,
935 1157 993 1256 qni
1019 1159 1156 1231 comitia
1180 1159 1264 1232 haec

159 1271 295 1371 puhlica
314 1272 531 1359 constituunt,
551 1287 609 1346 aut
624 1271 812 1345 clanculum
830 1286 889 1346 aut
913 1289 1025 1373 aparte
1050 1275 1263 1374 protestanti-

157 1387 240 1474 bus,
266 1388 498 1464 communistis
516 1413 557 1462 ac
572 1387 754 1463 socialistis
775 1387 908 1475 lavent;
928 1389 1030 1462 immo
1055 1415 1117 1462 neo
1140 1390 1264 1464 desunt

157 1529 200 1576 ex
224 1502 291 1589 iis,
320 1502 378 1602 qui
404 1503 447 1575 ad
472 1503 605 1576 illorum
629 1519 755 1577 sectam
779 1504 978 1602 pertineant.
1008 1503 1097 1590 Quid
1121 1504 1262 1604 proinde

158 1617 301 1704 mirum,
336 1618 366 1692 si
398 1617 563 1691 eiusmodi
598 1617 826 1691 sectariorium
852 1618 1020 1692 doctrinas
1049 1619 1259 1717 approbent,

157 1732 356 1831 foveamque
380 1757 592 1831 quacumque
616 1732 745 1805 ratione
768 1731 932 1830 possunt?
953 1733 988 1803 Si
1010 1732 1068 1832 qui
1093 1733 1159 1806 viri
1183 1759 1261 1807 uere

159 1848 261 1922 fortes
286 1848 323 1919 in
347 1847 513 1923 eiusmodi
538 1847 684 1923 comitiis
709 1873 749 1920 ac
773 1848 928 1944 generosi
952 1848 1181 1946 reperiuntur,
1203 1851 1260 1948 qui

158 1963 350 2062 propositae
374 1962 440 2060 legi
462 1963 643 2050 obsistant,
663 1978 884 2063 tueanturque
900 1963 1073 2061 religionis
1091 1963 1185 2052 iura,
1204 1965 1262 2044 de,-

157 2079 332 2165 ridentur,
370 2078 602 2166 annihilantur,
632 2097 732 2178 atque
757 2107 777 2153 a
804 2079 1018 2153 multitudine
1047 2079 1257 2167 obruuntur,

158 2221 246 2295 quae
263 2220 364 2294 saepe
377 2195 420 2269 ad
433 2195 523 2269 huno
541 2195 641 2269 finem
659 2195 813 2269 mercede
836 2196 1086 2283 condemnent,
1107 2222 1260 2296 quaeque

156 2328 344 2412 opportune
369 2310 455 2409 pede
480 2311 633 2411 plaudit,
661 2311 835 2385 cachinnis
865 2311 1061 2410 perturbat,
1088 2324 1134 2384 et·
1148 2312 1262 2384 incon·

156 2425 240 2499 ditis
264 2425 403 2500 uocibus
427 2443 575 2500 oratores
593 2427 636 2499 ad
654 2427 823 2500 silentium
849 2427 987 2523 redigit3
1012 2452 1197 2526 eorumque
1212 2427 1262 2499 in-

156 2541 288 2613 terdum
313 2539 521 2614 solidissima
540 2542 706 2615 rationum
728 2558 896 2617 momenta
920 2556 1093 2640 tamquam
1120 2541 1261 2616 anteacti

155 2654 262 2728 seculi
281 2670 314 2729 et
331 2656 522 2753 retrogada,
542 2657 705 2744 etaient,
726 2656 903 2732 hominum
927 2655 1149 2733 deliramenta
1175 2642 1261 2732 exci-

159 2770 310 2868 piuntur.
1101 2787 1104 2791 ’
1169 2786 1172 2792 ’

232 2885 361 2958 laterea
381 2885 549 2960 societatis
574 2911 735 2986 compago
752 2885 899 2974 laxatur,
921 2886 1115 2961 debilitatur
1131 2886 1257 2984 religio,

160 3026 243 3074 sana
268 3001 379 3074 ethica
402 3000 530 3074 maiora
553 3001 588 3073 in
614 3000 687 3075 dies
712 3002 912 3076 detrimenta
935 3001 1084 3100 patitur,
1113 3028 1261 3076 corrum-

159 3130 285 3214 puntur
298 3141 425 3202 mores,
453 3107 487 3187 et'
510 3116 599 3215 quod
625 3140 836 3214 consequens
859 3130 935 3201 est,
962 3115 1169 3189 matrimonii
1185 3140 1261 3191 san-

158 3230 256 3304 ctitas
280 3229 423 3303 laeditur
447 3256 487 3303 ao
511 3229 740 3305 labefactatur.
764 3230 852 3305 Talis
878 3244 929 3303 est
953 3231 1062 3317 ratio,
1090 3229 1137 3305 oh
1160 3255 1260 3330 quam

158 3343 401 3417 connubiorum
418 3344 672 3419 mere'civilium
689 3344 862 3444 proposita
878 3343 931 3417 lex
944 3359 992 3418 tot
1003 3343 1261 3444 adstipulatores

158 3486 200 3533 ac
211 3459 363 3533 vindices
375 3460 411 3531 in
424 3459 594 3535 nonnullis
611 3460 803 3558 regionibus
821 3460 866 3533 sit
882 3459 1015 3559 adepta,
1031 3474 1185 3558 etquare
1196 3477 1260 3534 tam

157 3575 281 3648 ardens
293 3574 405 3648 adhuc
418 3575 454 3647 in
467 3575 638 3676 plerisque
645 3577 768 3651 ferveat
779 3602 858 3673 erga
870 3574 977 3673 legem
989 3574 1082 3651 illam
1096 3575 1257 3653 studium.

231 3689 339 3790 Atque
363 3707 399 3763 ut
422 3690 496 3763 vela
525 3692 592 3765 iam
622 3689 874 3778 contrahamus,
902 3715 943 3769 ert
967 3689 1067 3763 dictis
1093 3689 1261 3766 evidenter

156 3820 306 3892 constat,
327 3804 440 3879 ciuilia
457 3805 634 3903 coniugia,
654 3831 797 3905 quorum
814 3805 923 3903 prima
940 3804 975 3876 in
993 3804 1261 3902 protestantismo

159 3920 421 4020 deprehenditur
450 3920 562 4016 origo,
591 3920 626 3991 in
657 3920 809 4018 regiones
842 3918 1083 3993 catholicorum
1112 3943 1155 3991 ex
1184 3919 1261 3991 irre·

159 4033 280 4132 ligioso
305 4033 540 4110 eommunismi
565 4058 604 4105 ac
629 4032 810 4107 socialismi
842 4032 964 4132 spiritu
994 4030 1199 4132 propagari,
1224 4054 1261 4102 ao

157 4149 308 4224 uicissim
324 4147 439 4224 civilia
458 4148 616 4247 coniugia
640 4147 856 4250 propagando
881 4147 1091 4248 fovendaque
1114 4172 1260 4228 commu·

156 4264 269 4343 nismo
294 4291 334 4339 ac
355 4263 547 4341 socialismo
573 4290 641 4367 non
663 4263 967 4371 pamm-conferre.
995 4330 998 4337 ,
1058 4340 1061 4345 ,
1165 4281 1169 4287 ·
