2872 5062
228 343 295 412 220
426 364 533 414 hirst.
555 363 641 413 sacr.
663 365 794 414 sarens.
816 365 856 413 nr
874 364 1005 413 aarum.
1026 363 1134 413 orum.

225 482 455 581 quaestionem
482 508 503 554 a
527 481 719 555 Pharisaeis
745 481 879 555 Christo
911 481 1134 581 propositam:
1166 483 1229 554 nsi
1266 483 1345 558 licet

226 598 355 671 bomini
376 597 544 671 dimittere
565 592 703 670 urrerem
726 622 822 669 suam
842 621 1103 694 quorumquam
1119 619 1220 670 conse
1235 627 1253 666 a
1270 625 1346 698 pro

225 727 384 785 testantes
411 711 447 782 in
473 711 650 785 Germania
671 711 737 786 visi
763 726 842 784 sunt
866 711 985 784 iterum
1011 736 1218 810 proponere,
1244 729 1345 814 atque

223 826 423 900 affirmative
448 827 626 901 resolvere.

297 943 347 1014 Ex
365 968 406 1016 eo
423 942 512 1015 enim
530 960 678 1043 tempore
695 943 962 1030 matrimonium,
982 943 1075 1016 omni
1093 941 1137 1015 ab
1153 936 1196 1016 eo
1210 942 1345 1017 abiecta

225 1057 398 1154 religionis
416 1059 537 1145 forma,
560 1059 683 1132 lactum
701 1075 753 1132 est
770 1075 960 1133 contractus
978 1085 1068 1132 mare
1085 1058 1195 1132 civilis
1214 1085 1235 1131 a
1252 1059 1344 1132 civili

224 1172 298 1270 lege
311 1173 410 1245 unice
423 1174 666 1261 moderandus,
683 1200 722 1246 ac
736 1173 886 1273 profanis
904 1172 1074 1246 iudicibus
1088 1198 1212 1246 causae
1225 1199 1343 1247 omnes

224 1287 436 1384 coniugales,
457 1316 545 1390 quae
561 1290 656 1391 prius
669 1317 691 1363 a
702 1290 902 1363 consistorio
920 1287 1210 1388 expendebantur,
1231 1287 1345 1362 diseu-

223 1402 357 1476 tiendae
376 1430 416 1477 ac
436 1404 645 1479 dirimendae
662 1406 827 1506 dimissae
843 1422 932 1478 sunt.
944 1405 992 1478 Ac
1007 1404 1030 1475 ii
1044 1405 1181 1503 quidem
1205 1403 1343 1476 abunde

225 1516 290 1589 bac
308 1518 362 1590 usi
384 1535 465 1592 sunt
484 1535 659 1619 potestate.
683 1520 872 1592 Fridaricus
893 1522 936 1592 ll.
954 1519 1132 1592 Borussiae
1156 1546 1213 1592 rex
1238 1510 1278 1589 in'
1295 1544 1344 1591 re-

225 1631 351 1730 scripto
365 1632 442 1706 dato
464 1659 519 1706 an.
537 1635 644 1705 1780.
662 1634 810 1707 decrevit
827 1634 918 1707 haud
936 1634 1058 1706 nimias
1070 1659 1146 1706 esse
1160 1632 1344 1706 difficulta-

224 1763 277 1820 tes
302 1747 522 1846 opponendas
544 1747 776 1846 coniugiorum
797 1742 1041 1836 solutionibus,
1062 1776 1103 1823 eo
1119 1749 1210 1847 quod
1229 1749 1265 1820 id
1283 1774 1344 1847 po-

225 1859 296 1960 puli
318 1862 521 1936 incremento
541 1863 731 1936 obsisteret.
743 1863 825 1936 Cum
839 1864 927 1936 enim
942 1863 1101 1960 coniuges
1115 1889 1135 1935 a
1148 1861 1342 1936 seinvicem

224 1975 436 2063 dissentiant,
454 1977 500 2051 ita
516 1993 554 2050 ut
570 2003 678 2077 neque
692 1979 879 2054 animorum
899 1978 1047 2063 unionis,
1063 1998 1172 2076 neque
1189 1978 1343 2050 sincerae

225 2091 506 2165 reconciliationis
532 2119 611 2192 spes
632 2091 703 2165 ulla
720 2093 901 2189 affulgeat,
924 2118 991 2166 non
1012 2088 1158 2190 amplius
1183 2091 1272 2165 lilios
1297 2091 1343 2188 gi·

223 2209 347 2302 gnunt;
372 2206 437 2280 hoc
457 2233 555 2307 porro
568 2207 695 2308 ¹populi
723 2224 820 2281 nocet
843 2223 1033 2304 augmento.
1056 2207 1178 2280 Contra
1205 2233 1286 2280 vero
1312 2206 1342 2279 si

222 2320 284 2393 liat
307 2321 487 2395 diuortium
501 2348 541 2395 ae
555 2323 677 2395 mulier
695 2322 790 2395 altari
814 2322 950 2409 nubat,
961 2320 1166 2421 probabilior
1183 2321 1249 2394 erit
1265 2339 1343 2420 pro-

223 2435 348 2508 creatio
364 2437 452 2531 (21).
471 2436 577 2535 ldque
602 2437 682 2523 rite;
713 2438 905 2536 siquidem,
930 2461 1007 2509 cum
1033 2433 1283 2510 matrimonium
1307 2436 1342 2507 in

223 2551 481 2648 protestantium
507 2567 691 2652 systemate
716 2553 906 2626 contractus
929 2552 973 2625 sit
996 2549 1087 2624 mere
1109 2551 1274 2625 naturalis
1298 2551 1341 2624 ad

223 2662 347 2737 liberos
374 2666 560 2762 gignendos
586 2666 790 2767 reipublicae
808 2694 868 2741 seu
886 2667 1050 2754 societati,
1072 2693 1138 2740 non
1156 2681 1286 2754 autem,
1305 2683 1343 2740 ut

223 2779 379 2853 catholici
406 2781 536 2869 docent,
558 2782 602 2854 ad
620 2781 894 2881 multiplicandos
922 2783 1108 2869 ecclesiae,
1137 2807 1176 2854 ac
1201 2774 1342 2881 proinde

223 2893 293 2967 Deo
308 2893 416 2982 titios,
432 2921 499 2968 uon
517 2911 647 2995 poterat
664 2898 772 2969 novus
790 2895 847 2968 ille
860 2896 1021 2993 licurgus
1039 2891 1143 2968 alium
1161 2893 1227 2966 sibi
1245 2921 1342 2993 prae·
1415 2987 1417 2994 Ι

224 3007 326 3105 figere
351 3009 468 3095 finem,
498 3035 559 3083 neo
584 3011 695 3109 aptius
720 3010 882 3083 adbibere
908 3011 1178 3083 instrumentum.

239 3189 242 3195 ,
295 3123 489 3197 Tribunalia
513 3124 626 3197 civilia
649 3123 685 3196 in
714 3124 891 3197 Germania
915 3150 1039 3197 morem
1066 3139 1247 3220 gesserunt
1274 3123 1340 3194 llri·

223 3236 328 3312 derici
354 3239 539 3338 rescripto,
568 3239 653 3314 adeo
677 3237 767 3312 enim
793 3264 831 3312 se
855 3237 969 3312 facilia
994 3237 1222 3337 praebuerunt
1238 3239 1275 3311 in
1294 3239 1340 3311 le-

224 3532 403 3597 coniugiorurn,
411 3549 474 3597 quse
484 3548 533 3586 nou
547 3536 628 3588 solum
639 3550 654 3586 a
664 3536 829 3587 tribunalibus
838 3535 963 3597 civilibus,
976 3534 1019 3586 sed
1029 3535 1060 3584 ab
1071 3533 1132 3597 ipsis
1141 3530 1263 3583 ministris
1271 3543 1340 3583 eran·

223 3612 309 3676 salicis
319 3614 411 3677 passim
425 3613 496 3666 fiunt.
509 3616 538 3665 ln
553 3615 625 3666 ouius
642 3615 676 3666 rei
692 3616 901 3666 confirmationem
910 3614 1031 3679 proteram
1041 3626 1105 3676 quse
1112 3612 1228 3676 leguntur
1242 3611 1268 3661 iu
1286 3611 1343 3662 Unt-

224 3705 285 3754 cerr
296 3700 320 3745 o.
328 3695 394 3745 Atut
405 3702 473 3746 1855.
486 3698 538 3746 «on
548 3696 578 3747 tit
588 3695 650 3747 dans
658 3696 870 3760 hamaicorum
880 3694 973 3759 synode
982 3694 1117 3758 protestari
1126 3691 1158 3742 de
1167 3690 1344 3760 Trausylvauie

223 3773 282 3824 s’est
299 3773 369 3824 renni
390 3773 620 3838 tctausemhourg.
635 3776 730 3827 seit-on
747 3776 829 3839 quello
840 3787 855 3826 a
865 3774 904 3825 ete
920 3787 965 3824 son
982 3772 1127 3836 occupatior
1143 3771 1342 3841 principalem

224 3842 371 3906 disscibtion
392 3853 423 3904 da
439 3853 503 3905 deux
523 3854 579 3903 cent
593 3852 707 3904 soixante
724 3854 856 3916 mariagest
874 3853 894 3903 tt
908 3866 923 3903 a
937 3851 1062 3918 prononce
1078 3849 1144 3901 deun
1161 3851 1218 3900 cent
1235 3840 1345 3900 scranto

224 3932 353 3998 divertes,
370 3947 433 3999 pour
444 3947 478 3984 un
489 3946 549 3997 pays
560 3931 637 3996 grand
653 3947 749 3984 coruum
757 3935 782 3985 la
791 3933 922 3996 Brtiagne,
935 3931 996 3982 dont
1006 3931 1031 3981 lo
1040 3927 1210 3993 maioritedas
1219 3927 1343 3988 habitauit

222 4014 279 4063 sont
291 4027 323 4064 ou
340 4026 409 4077 greca
426 4026 458 4063 ou
480 4011 657 4075 catholiques.»
666 4012 756 4077 Reipsa
771 4025 802 4063 ex
818 4011 991 4077 supputatione
1006 4008 1129 4074 springeri
1143 4008 1305 4057 numerantur
1320 4004 1344 4054 ir

222 4091 400 4157 Trousylrania
415 4097 527 4153 tentet.
546 4089 675 4154 catholici,
697 4095 808 4153 tiabat.
819 4088 987 4154 groeci-uuiti,
1004 4086 1067 4138 idest
1084 4091 1197 4150 eiectio.
1209 4081 1341 4141 catholici,

223 4177 336 4236 eumooc-
347 4170 511 4234 schismatici,
529 4177 642 4233 aiaton.
653 4170 791 4233 lutherani,
804 4183 834 4221 aa
843 4173 956 4233 ethaeo.
968 4166 1119 4219 mirinistoe.

297 4251 347 4316 (21)
362 4251 401 4302 ct.
414 4250 538 4316 Tapnrelli
552 4253 646 4314 Saepto
661 4251 783 4301 tcorettco
793 4249 822 4300 dt
832 4248 926 4301 titrttto
936 4246 1155 4299 retentatione
1166 4246 1304 4296 letatum.
1313 4243 1343 4290 rt.

221 4332 285 4383 Dies.
296 4331 350 4384 vu.
362 4343 418 4395 rap.
429 4332 472 4382 111.
484 4327 564 4381 neila
574 4328 671 4380 rocteth
681 4327 832 4380 comatico.
