2872 5062
261 375 333 424 aar.
346 373 391 424 lv.
404 372 444 425 66
461 361 580 425 saaca.
593 375 650 427 rao
668 372 747 425 6666
765 376 805 424 66
823 375 918 427 uara.
931 374 995 425 civ.
1011 376 1084 427 aar.
1103 376 1151 426 ur.
1207 351 1275 426 131

164 493 313 593 regimen
338 494 457 581 civile,
481 495 512 567 si
529 493 610 568 velit
633 493 695 567 rite
719 493 832 568 officio
858 519 921 567 666
946 493 1062 590 fungi,
1082 493 1142 567 ubi
1160 494 1277 593 religio

162 610 329 683 catholica
355 626 406 682 est
436 609 489 681 lex
519 610 613 706 regni
637 608 690 683 vel
717 608 943 707 reipublicae,
973 608 1098 682 efficiat
1119 626 1156 681 61
1181 636 1203 682 6
1228 610 1277 684 61-

163 724 263 817 ribus
288 751 349 809 ea,
378 749 467 822 quae
487 723 531 795 ad
553 723 750 818 religionem
768 737 939 822 spectant,
962 738 1147 796 serventur.
1169 724 1275 796 Debet

162 838 254 910 enim
275 852 424 936 potestas
443 837 553 910 civilis
573 836 737 910 ecclesiae
754 838 1027 935 praestoessein
1042 837 1085 910 116
1100 839 1271 925 omnibus,

164 979 252 1052 quae
276 951 350 1023 eius
380 951 529 1023 muneris
555 966 658 1036 sunt,
687 967 720 1022 et
749 949 792 1022 ab
819 949 894 1048 ipsa
918 949 1027 1050 poscit
1052 950 1208 1024 66616616.
1239 953 1273 1024 si

163 1093 274 1140 sermo
300 1067 344 1138 sit
369 1067 412 1138 de
436 1065 552 1164 aliqua
587 1065 765 1138 statuenda
793 1064 867 1161 lege
901 1065 990 1138 circa
1023 1066 1274 1140 matrimonium

161 1182 223 1253 sab
245 1208 351 1278 poena
375 1182 559 1264 sterilitatis,
585 1196 674 1252 certe
696 1179 806 1253 civilis
832 1180 1013 1253 auctoritas
1038 1196 1182 1254 statuere
1200 1208 1274 1254 eam

162 1323 229 1369 non
247 1311 374 1396 potest,
398 1322 475 1367 cum
493 1296 557 1369 hoc
574 1294 714 1369 excedat
733 1294 857 1368 limites
877 1295 1030 1368 eiusdem
1052 1297 1270 1384 auctoritatis,

163 1425 272 1510 potest
295 1437 375 1485 vero
399 1410 517 1509 utique
541 1427 574 1483 et
598 1408 697 1483 debet
729 1409 837 1505 legem
868 1409 1035 1484 eiusmodi
1060 1410 1103 1482 ab
1129 1411 1273 1485 66616616

161 1523 264 1598 latam
289 1524 380 1598 omni
407 1524 576 1626 praesidio
605 1551 804 1598 servarene
833 1525 932 1597 tueri.

156 1709 159 1715 .
235 1641 315 1714 Ideo
331 1667 410 1715 vero
434 1640 502 1714 dici
529 1640 646 1739 nequit
671 1641 868 1724 haereticas,
892 1655 950 1712 aut
971 1639 1196 1714 schismaticas
1214 1642 1272 1741 qui

162 1771 251 1830 tenet
270 1756 457 1830 doctrinam
476 1757 519 1829 de
538 1758 742 1853 separatione
767 1781 828 1828 666
853 1755 896 1828 (16
920 1756 1165 1855 separabilitate
1186 1756 1274 1829 inter

159 1886 368 1944 contractum
398 1887 431 1942 et
457 1885 724 1955 sacramentum,
754 1867 835 1967 quia
859 1867 952 1941 66116
977 1870 1042 1942 hac
1066 1870 1109 1942 de
1134 1898 1169 1944 re
1194 1871 1274 1944 data

162 1985 224 2057 fuit
239 2011 398 2085 expressa
415 2012 455 2058 66
472 1984 621 2059 formalis
636 1984 679 2056 ab
693 1983 837 2056 ecclesia
853 1983 1016 2057 definitio.
1041 1985 1160 2057 Verum
1182 1986 1274 2059 eius—

161 2099 252 2172 modi
272 2099 477 2174 definitionis
498 2100 652 2173 desectus
670 2125 737 2173 non
758 2098 899 2197 impedit
917 2099 1097 2195 quominus
1122 2100 1273 2173 doctrina

158 2213 228 2287 dici
263 2241 329 2287 non
355 2214 475 2287 debeat
497 2215 605 2312 salsa,
636 2239 767 2285 erronea
792 2227 824 2284 et
849 2212 1011 2285 ecclesiae
1035 2212 1208 2287 doctrinae
1233 2241 1272 2287 66

160 2328 254 2427 praxi
279 2329 464 2412 contraria,
485 2327 593 2425 etqui
619 2354 693 2400 eam
719 2326 915 2426 profitetur,
940 2330 1148 2412 temerarius,
1172 2344 1273 2428 atquc

161 2469 182 2514 a
205 2469 367 2538 germana
392 2443 555 2515 ecclesiae
580 2441 765 2516 catholicae
791 2441 944 2515 doctrina
969 2441 1273 2517 alienus..Praeter

158 2558 319 2642 haeresis,
336 2575 394 2631 aut
409 2559 594 2630 schismatis
619 2574 737 2644 66166,
766 2557 881 2657 plures
906 2557 993 2630 aliae
1019 2559 1193 2631 censoriae
1216 2585 1272 2631 no

159 2688 212 2745 166
226 2699 288 2745 666
300 2699 465 2746 censuras
490 2690 568 2746 6661
593 2673 718 2772 quibus
744 2673 1012 2773 propositiones,
1029 2689 1088 2746 661
1099 2674 1272 2747 doctrinae

158 2802 336 2874 notantur,
363 2815 414 2860 ex.
441 2815 491 2884 gr.
507 2787 547 2858 de
572 2789 699 2858 haeresi
716 2798 900 2885 suspectae,
931 2788 1057 2859 haeresi
1075 2790 1266 2885 proximae,

158 2905 320 3000 sapientes
341 2904 515 2985 haeresim,
542 2904 750 2986 temerariae,
781 2929 930 2974 erroneae
954 2919 1014 2974 etc.

230 3017 345 3114 Neque
374 3018 416 3089 ad
446 3017 510 3089 hoc
539 3016 729 3089 necessario
754 3017 935 3116 requiritur
958 3016 1091 3089 concilii
1117 3042 1272 3089 oecume-

159 3131 226 3204 nici
257 3131 456 3220 declaratio,
485 3159 589 3231 quum
615 3158 680 3205 non
707 3131 819 3204 minus
845 3132 890 3202 sit
914 3130 1102 3204 infallibilis
1128 3130 1271 3205 66616616

158 3246 337 3344 dispersa,
365 3273 467 3344 quam
492 3247 528 3318 in
555 3245 698 3319 66661116
722 3260 933 3342 congregata.
961 3246 1130 3318 Romanus
1160 3247 1271 3344 ponti-

158 3361 213 3433 fex
237 3361 400 3434 ecclesiae
426 3377 527 3458 caput
551 3362 633 3434 satis
659 3377 773 3458 aperte
798 3360 984 3432 innumeris
1010 3386 1114 3460 prope
1139 3361 1270 3434 actibus

158 3502 273 3549 veram
298 3476 460 3549 ecclcsiae
486 3460 549 3549 hac
573 3476 617 3548 de
643 3503 677 3548 re
702 3476 857 3575 exposuit
881 3474 1086 3562 doctrinam,
1103 3493 1141 3548 ut
1156 3503 1195 3548 ex
1221 3477 1271 3549 al-

158 3586 236 3665 latis
260 3591 469 3664 documentis
490 3606 630 3663 constat.
655 3592 725 3663 'Nec
746 3589 888 3690 proinde
905 3616 1043 3664 6666666
1064 3607 1132 3677 661,
1152 3606 1189 3664 61
1205 3592 1270 3664 hae

158 3705 201 3779 (16
225 3731 330 3778 66666
355 3706 548 3777 immutetur
572 3704 851 3802 iurisprudentia.

232 3822 287 3895 Sic
311 3847 396 3920 opus
422 3821 547 3920 pariter
581 3846 647 3892 non
682 3834 734 3892 661
767 3820 970 3893 constituere
999 3836 1036 3892 61
1066 3818 1175 3893 solum
1201 3847 1270 3892 ma·

158 3936 353 4009 trimdnium
378 3951 503 4020 ratam,
533 3963 600 4009 non
626 3950 735 4008 autem
760 3962 843 4006 mere
871 3936 1066 4033 1691166661,
1095 3950 1132 4006 61
1160 3951 1270 4007 orato·

158 4049 205 4122 ris
232 4050 349 4149 phrasi
375 4063 526 4137 utamur,
557 4050 720 4149 producat
744 4048 884 4122 effectus
910 4049 1038 4120 6161166.
1062 4048 1159 4134 Quod
1177 4050 1267 4120 euim

156 4177 294 4239 vocatur
318 4191 409 4238 mere
438 4165 645 4264 legitimum,
680 4179 824 4238 nonest
854 4190 969 4237 verum
1001 4164 1263 4236 matrimonium.

157 4280 309 4354 Viderint
325 4307 424 4380 porro
441 4281 730 4355 administratores
748 4280 841 4376 regni
858 4279 911 4353 vel
933 4277 1136 4376 reipublicae
1157 4279 1269 4353 catho-

1173 4394 1195 4438 6
