2872 5062
240 379 308 453 330
438 400 499 450 nm.
514 398 537 448 ι.
560 396 646 447 suar.
667 396 797 446 aarum.
818 396 858 445 na
883 395 1014 447 aarum.
1032 396 1137 447 crvrn.

238 518 448 594 referendum
472 533 535 590 est.
562 518 665 589 Nemo
690 531 742 588 est
766 515 824 614 qui
848 515 976 588 nesciat
999 541 1039 588 ax
1066 532 1205 614 paterna
1228 543 1268 591 ac
1291 519 1350 593 do

237 635 378 710 mestiea
401 631 598 706 educatione
620 631 817 730 plerumque
841 628 1032 729 dependere
1058 631 1204 704 maxima
1229 631 1348 706 saltem

237 778 278 826 ex
302 766 396 851 parta
420 749 521 823 totius
541 748 630 822 vitae
655 747 954 822 conversationem.
984 748 1019 818 Si
1045 748 1143 821 initia
1168 747 1259 821 bona
1276 749 1350 822 fue-

237 867 325 952 rint,
354 866 383 939 si
409 864 583 962 religionis
614 864 843 962 virtutumque
874 863 1026 960 germina
1060 880 1132 936 sata
1162 863 1289 938 luerim
1313 865 1350 936 in

237 981 370 1057 tenellis
387 979 566 1068 cordibus,
589 979 745 1079 quamvis
764 979 807 1052 ud
827 994 960 1077 tempus
982 996 1132 1053 emortua
1155 980 1346 1069 videantur,

238 1099 367 1174 semina
392 1114 519 1185 minan,
547 1122 634 1197 quae
658 1095 817 1183 hiberno,
838 1094 939 1168 atita
965 1095 1095 1183 dicam,
1124 1113 1274 1195 tempora
1300 1097 1350 1170 ia-

238 1214 358 1288 cebant
374 1211 477 1287 veluti
494 1213 653 1299 extincta,
672 1211 890 1297 reviviscunt,
909 1212 1092 1299 virescunt,
1114 1211 1345 1300 efflorescunt,

237 1345 271 1403 et
291 1328 434 1401 afferunt
457 1328 621 1414 lructum,
646 1343 837 1401 recurrente
863 1325 984 1399 calore.
1014 1326 1077 1400 Ast
1102 1327 1162 1427 qui
1187 1326 1349 1401 salutaria

237 1442 403 1516 eiusmodi
426 1442 555 1516 semina
572 1468 757 1542 numquam
769 1442 804 1513 in
818 1467 856 1515 se
874 1457 1088 1540 receperunt,
1113 1468 1176 1516 neo
1193 1469 1345 1542 germen,

238 1584 301 1632 nec
325 1559 461 1645 florem,
490 1583 601 1658 neque
625 1557 769 1630 fructum
782 1556 861 1631 boni
875 1557 987 1657 operis
1002 1555 1185 1658 aliquando
1198 1559 1347 1657 prolerre

237 1673 358 1749 solent.
375 1673 591 1772 Experientia
610 1673 809 1774 quotidiana
820 1672 969 1774 disparis
981 1673 1085 1746 huius
1103 1673 1214 1747 exitus
1227 1673 1349 1748 discri-

238 1816 315 1864 men
332 1789 500 1889 patelacit.
516 1789 830 1864 Animadverteruut
848 1815 914 1862 non
934 1789 1054 1888 pauci,
1078 1789 1170 1888 quod
1196 1788 1349 1890 plerique

238 1932 372 1995 eorum,
397 1906 456 2006 qui
479 1904 543 1980 sub
569 1903 673 1979 seculi
698 1904 804 2005 elapsi
830 1905 955 1978 exitum
976 1920 1054 1978 ante
1075 1902 1217 1978 rebelles
1238 1918 1348 1978 motus

237 2022 273 2094 in
286 2004 402 2096 Galliis
417 2021 481 2096 orti
496 2037 610 2108 erant,
627 2035 728 2121 atque
753 2020 963 2095 documentis
988 2020 1185 2094 christianis
1211 2021 1348 2093 enutriti

237 2138 387 2226 lucrant,
415 2136 492 2224 etsi,
514 2134 685 2209 aturbine
710 2135 860 2236 abrepti,
885 2136 1009 2210 luerint
1034 2135 1277 2235 praevaricati,
1299 2153 1349 2209 ta·

237 2279 314 2327 men
339 2253 383 2327 ad
408 2253 531 2327 bonam
556 2250 686 2348 lrugem
709 2250 845 2324 demum
858 2277 896 2324 se
907 2266 1116 2350 receperunt.
1133 2250 1258 2325 Contra
1270 2276 1349 2324 vero

237 2395 277 2442 ex
304 2368 374 2456 iis,
402 2369 461 2468 qui
486 2367 640 2468 publicae
672 2366 763 2440 illius
796 2366 971 2464 vertiginis
997 2382 1104 2440 aetate
1127 2366 1220 2441 viam
1246 2367 1349 2439 incre

236 2482 387 2556 dulitatis
413 2508 453 2556 ae
477 2499 653 2582 propterea
677 2482 867 2583 iniquitatis
885 2508 905 2554 a
924 2482 1039 2581 pueris
1064 2497 1159 2555 erant
1179 2481 1344 2579 ingressi,

236 2597 292 2670 vix
313 2622 354 2670 ac
373 2622 416 2669 ne
435 2597 491 2671 vix
516 2597 653 2696 quidem
678 2597 807 2695 aliquot
832 2596 969 2669 inventi¹
982 2611 1081 2682 sunt,
1105 2595 1166 2696 qui
1191 2595 1348 2670 meliores

237 2736 359 2784 sensus
384 2711 575 2798 induerint,
605 2712 873 2812 sanctioremque
897 2712 1001 2785 vitam
1024 2712 1092 2784 sint
1113 2711 1272 2811 amplexi.

310 2827 381 2900 lum
404 2853 484 2901 vero
508 2826 587 2901 talis
610 2842 662 2900 est
680 2825 796 2900 inlelix
814 2852 929 2900 eorum
949 2827 1116 2915 conditio,
1132 2828 1193 2927 qui
1206 2853 1349 2901 nascun-

238 2942 1346 3042 mmmmfflffiwwmwfflwdnmmd

236 3057 334 3131 nihili
359 3058 556 3156 religionem
589 3058 736 3146 ducunt,
767 3057 796 3131 si
822 3083 924 3158 prave
950 3057 1166 3155 gradiuntur,
1196 3058 1228 3131 si
1261 3056 1349 3131 male

236 3173 368 3260 vivunt,
390 3173 557 3274 quomodo
571 3188 728 3271 poterunt
741 3172 829 3247 lilios
848 3199 929 3247 suos
948 3173 1011 3246 rite
1028 3173 1225 3261 instituere,
1246 3172 1348 3247 docu-

236 3303 349 3360 menta
365 3288 502 3386 pietatis
523 3286 704 3375 instillare,
726 3302 1012 3361 sacramentorum
1029 3286 1266 3362 commendare
1284 3287 1349 3359 lre·

238 3401 424 3502 quentiam,
441 3402 575 3503 aliaque
589 3403 755 3476 eiusmodi
774 3418 958 3502 praestare,
978 3402 1102 3503 quibus
1116 3427 1233 3476 cereos
1245 3402 1350 3502 quod-

238 3517 393 3591 ammodo
418 3516 552 3591 illorum
577 3519 708 3593 animos
734 3518 779 3591 ad
802 3519 959 3592 virtutem
984 3519 1127 3592 forment
1140 3543 1180 3592 ac
1192 3509 1350 3592 flectant?

237 3634 398 3708 Insanum
420 3633 503 3708 foret
521 3635 606 3708 haec
628 3662 647 3708 a
669 3634 794 3712 talibus
819 3636 1016 3736 parentibus
1042 3651 1231 3735 expectare.
1262 3636 1349 3707 Hine

237 3750 371 3824 nonnisi
394 3751 564 3848 generatio
582 3752 763 3852 impiorum
787 3777 956 3851 emergere
981 3752 1103 3851 poterit
1118 3777 1160 3825 ex
1177 3750 1347 3826 eiusmodi

235 3866 427 3940 connubiis.
448 3898 465 3939 a
482 3867 697 3943 Proverbium
714 3884 781 3943 est:
804 3869 914 3970 inquit
931 3869 1121 3968 Scriptura,
1150 3868 1348 3943 adolescens

237 3981 330 4056 iuxta
357 3984 446 4058 viam
472 4008 593 4072 suam,
628 3985 729 4058 etiam
754 4011 830 4057 cum
857 3984 1029 4072 senuerit,
1059 4011 1125 4058 non
1148 3984 1284 4058 recedet
1306 3983 1348 4055 ab

237 4121 277 4170 ea
304 4100 419 4195 (20);»
436 4114 507 4173 tum
523 4131 541 4175 u
557 4100 709 4175 Perversi
735 4099 875 4174 difficile
900 4101 1111 4197 corriguntur
1127 4102 1200 4196 (21)
1211 4130 1243 4171 .»

252 4273 580 4348 'mmmm

315 4365 365 4428 (n)
378 4368 471 4420 aceles.
482 4371 503 4419 r.
517 4375 554 4420 15.
