2872 5062
491 500 965 650 PROOEMIUM

1258 1289 1271 1355 't

165 1452 465 1584 Fundamentum
480 1523 514 1580 et
525 1511 629 1604 otigo
643 1510 852 1582 domesticae
866 1510 1038 1582 societatis
1054 1533 1096 1582 ac
1113 1509 1275 1597 familiae,

164 1623 464 1718 quemadmodum
482 1635 516 1696 et
533 1637 651 1696 nerum
677 1621 898 1722 publicarum
922 1626 1100 1708 omnium,
1121 1649 1212 1722 quae
1227 1627 1277 1700 ab

163 1764 202 1812 ea
231 1753 349 1812 ortum
376 1740 508 1812 ducunt
534 1752 587 1813 est
609 1740 699 1812 illud
726 1742 939 1812 matrimonii
964 1742 1143 1813 vinculum
1173 1757 1278 1840 atque

163 1856 386 1940 coniunctio,
415 1866 520 1954 quant
547 1860 584 1928 in
607 1859 668 1930 illa
692 1880 835 1953 quoque
861 1856 1057 1930 beatissima
1079 1860 1277 1954 primaevae

163 1975 370 2066 integritatis
396 1974 598 2046 conditione
615 1997 635 2045 e
651 1996 721 2068 qua
738 1996 803 2068 per
821 1987 1002 2069 peccatum
1017 1974 1210 2048 excidimus
1232 1974 1278 2048 ab

161 2091 239 2183 ipso
253 2090 328 2161 Deo
345 2090 508 2162 novimus
530 2086 637 2161 fuisse
661 2090 867 2161 institutam.
890 2091 994 2162 Cuius
1017 2091 1160 2184 quidem
1178 2093 1278 2163 insti·

161 2206 306 2276 tutionis
319 2226 362 2276 ex
372 2227 441 2299 qua
455 2205 663 2301 propagatio
675 2204 860 2276 hominum
874 2217 911 2276 et
924 2203 1065 2277 soboles
1079 2207 1274 2300 prodeunt,

161 2322 190 2391 si
213 2343 350 2392 causam
377 2342 525 2416 quaeras
552 2320 732 2401 ultimam,
760 2342 833 2390 non
861 2319 963 2390 aliam
991 2319 1150 2415 prolecto
1177 2320 1276 2393 inve·

161 2436 252 2517 ni'eS,
267 2457 373 2530 quam
390 2437 451 2530 qui
468 2434 526 2506 alii
540 2452 582 2506 ex
594 2435 671 2506 aliis
685 2433 843 2505 homines
855 2435 1096 2528 gignerentur,
1114 2436 1138 2504 ii
1151 2456 1275 2531 quam·

161 2549 222 2621 diu
237 2551 390 2622 interris
409 2551 566 2627 viverent
586 2561 766 2621 auctorem
784 2550 896 2620 Deum
918 2549 1137 2643 cognitione,
1155 2552 1277 2623 amere

160 2677 264 2760 atque
287 2664 458 2760 obsequio
481 2676 799 2763 prosequerentur:
816 2686 895 2735 cum
910 2673 954 2734 enx
966 2663 1033 2748 hac
1045 2666 1185 2736 mortali
1202 2667 1275 2739 ‘vita

159 2780 417 2864 discessissent,
439 2783 513 2853 eius
534 2779 697 2852 beatitate
714 2783 751 2851 in
769 2781 875 2852 coelis
897 2783 1106 2876 sempiterna
1124 2780 1276 2853 delecta-

160 2896 254 2967 tione
281 2895 496 2968 fruerentur.
526 2897 637 2982 Quam
661 2894 806 2967 obrem
833 2898 925 2966 Deus
946 2917 1017 2966 non
1038 2896 1147 2966 modo
1164 2908 1275 2967 ratam

158 3022 192 3081 ct
217 3025 371 3082 sanctam
399 3035 474 3083 esse
500 3013 591 3083 hanc
616 3014 708 3083 vitae
731 3012 1021 3083 coniunctionem
1041 3010 1154 3082 voluit
1176 3036 1186 3093 ;
1212 3011 1274 3084 sed

158 3148 202 3196 ne
229 3124 432 3199 labefactari
453 3151 629 3222 unquam,
651 3140 709 3199 aut
727 3124 873 3199 dissolvi
897 3125 943 3197 ab
967 3125 1173 3198 hominibus
1191 3149 1275 3223 pos-

157 3254 234 3323 set,
261 3235 497 3314 immutabiles
520 3242 635 3314 eidem
660 3243 752 3337 leges
783 3243 885 3323 tulit,
913 3241 1042 3336 quibus
1070 3243 1163 3314 intra
1191 3265 1273 3315 suos

156 3353 262 3439 fines,
288 3357 429 3452 qualem
449 3358 524 3454 ipse
547 3352 710 3430 effecerat
736 3369 910 3453 perpetuo
934 3359 1186 3428 contineretur.

228 3472 279 3543 Ne
300 3495 370 3568 qua
395 3460 482 3546 vero
507 3474 712 3546 mortalium
739 3475 812 3545 sive
835 3472 1038 3545 conditione
1068 3473 1140 3544 sive
1176 3473 1271 3568 cupi·

155 3587 264 3660 ditate
286 3587 387 3661 fieret
410 3590 622 3683 aliquando,
647 3602 686 3661 ut
712 3610 800 3684 quas
827 3589 903 3684 ipse
927 3587 1080 3660 dedisset
1102 3588 1197 3682 leges
1213 3610 1271 3659 ar·

155 3702 262 3774 bitrio
287 3703 542 3778 subiicerentur
567 3705 701 3786 alieno,
721 3704 861 3776 easdem
885 3705 1046 3798 religioni
1070 3704 1273 3775 commissas

155 3818 409 3912 sapientissime
430 3820 560 3903 voluit,
580 3821 618 3890 iu
636 3821 736 3891 cuius
755 3817 827 3890 fide
842 3831 877 3890 et
890 3818 998 3890 tutela
1012 3816 1057 3889 ab
1072 3817 1169 3890 omni
1186 3816 1273 3887 vitio

153 3946 188 4004 et
203 3938 444 4031 corruptione,
460 3958 551 4032 quae
563 3949 643 4032 post
657 3947 838 4032 peccatum
853 3933 996 4006 inficere
1009 3934 1087 4005 illas
1099 3929 1271 4026 quodam·

153 4051 263 4122 modo
284 4067 426 4147 possent
448 4054 606 4127 instituta
620 4074 639 4124 a
654 4074 690 4124 se
707 4052 921 4124 matrimonii
941 4051 1087 4122 societas
1103 4046 1271 4120 inviolata

148 4151 388 4261 permaneret.
413 4172 485 4241 Nec
504 4167 654 4241 dubium
677 4187 753 4240 esse
775 4170 938 4262 cuiquam
957 4177 1074 4261 potest
1090 4164 1177 4261 quin
1193 4175 1270 4236 tum

153 4283 250 4377 apud
269 4287 403 4380 primos
421 4285 502 4358 illos
521 4285 736 4383 populorum
753 4288 894 4378 'putres,·
915 4295 991 4354 tum
1010 4281 1159 4352 decursu
1180 4291 1269 4354 tem-
