2872 5062
201 383 270 431 aar.
292 382 339 440 ιιι.
361 384 400 433 or
418 382 576 437 uuusrno.
593 385 664 434 mr.
682 384 730 434 ιιι.
746 384 865 435 trouu.
882 382 1088 440 rusouocrct.
1168 363 1210 436 tt

104 525 164 600 pro
188 499 234 573 iis
258 499 356 596 signa
382 500 522 598 quaevis
540 499 608 572 alia
624 499 826 574 substituere
843 498 959 587 liceat,
980 498 1023 572 ad
1040 500 1214 576 materiam

104 614 245 687 fortasse
263 615 479 702 sacramenti,
501 641 684 714 numquam
702 640 781 688 vero
798 614 841 687 ad
859 615 969 712 ipsius
986 613 1127 688 formam
1143 641 1216 714 per·

102 730 209 803 tinere
231 728 500 828 posse‘dicenda
525 745 614 802 sunt.
969 748 972 753 ·
1104 750 1106 755 ·

175 845 247 919 lam
271 868 350 917 vcro
374 843 453 943 quis
479 870 545 918 non
570 845 681 932 ridet,
709 844 796 920 lalsa
819 845 956 919 omnino
981 869 1058 918 csse
1073 859 1107 918 et
1123 862 1215 931 eom„-

103 959 256 1033 raentitia
271 974 364 1058 quae¹
376 958 525 1033 iuniores
542 959 688 1057 theologi
705 960 915 1047 confinxere,
930 973 967 1033 ut
978 959 1111 1033 civilem
1124 958 1216 1034 hunc

104 1073 359 1173 humanumque
374 1088 579 1149 contractum
597 1074 723 1148 Christi
740 1089 773 1149 et
789 1074 952 1148 ecclcsiae
968 1088 1215 1149 sacramentum

103 1212 178 1261 asse
195 1185 390 1263 merentia?
403 1187 553 1273 Quorum
571 1189 709 1288 quidem
726 1188 888 1289 pleraque
905 1187 1101 1263 infidelibus
1116 1185 1216 1265 ualde

103 1299 280 1397 nugatoria
296 1314 396 1388 sunt,
416 1300 575 1375 fidelibus
591 1318 701 1378 autem
718 1329 838 1403 parum
855 1302 977 1376 solida.
993 1303 1043 1375 Ex
1056 1301 1112 1375 his
1125 1301 1215 1380 enim

102 1415 269 1513 theologis
294 1415 392 1488 facile
413 1416 583 1506 invenies,
610 1419 670 1518 qui
695 1418 749 1492 rel
773 1417 1005 1494 contrahentes
1031 1417 1144 1517 ipsos,
1162 1415 1216 1493 vel

102 1531 253 1630 ipsorum
273 1556 497 1619 ,eonsensum
516 1532 570 1606 rel
588 1547 702 1630 gestus
727 1533 823 1632 ipsos
847 1558 962 1607 eorum
979 1558 1019 1607 ae
1035 1547 1138 1606 nutus
1154 1556 1216 1631 pro

102 1645 210 1723 forms
224 1645 329 1721 huius
347 1647 548 1723 samamenti
565 1649 753 1749 accipiant;
773 1649 904 1748 quique
919 1648 1005 1721 inter
1021 1647 1217 1723 contrahen-

101 1773 154 1835 tes
177 1761 229 1836 sic
253 1761 480 1860 distinguant,
500 1778 536 1836 ut
561 1763 649 1850 eius,
669 1763 728 1863 qui
745 1764 837 1864 prior
860 1763 1021 1862 loquutus
1036 1764 1094 1850 sit,
1114 1760 1216 1839 rerba

103 1878 277 1953 materiam
303 1876 437 1965 dicant,
464 1877 602 1954 alterius
626 1904 705 1953 voro
727 1880 787 1978 qui
805 1879 1033 1980 responderit,
1058 1879 1212 1953 lormam.

176 1991 296 2078 Quid?
329 1993 420 2092 quod
451 1981 625 2068 materiam
659 1994 756 2068 nohis
781 2011 814 2068 et
843 1995 983 2069 sormam
1015 1992 1214 2069 sacramenti
1262 2064 1264 2070 .

105 2107 366 2206 quaerentibus,
387 2108 453 2183 hoc
477 2125 547 2197 est,
567 2137 622 2183 res
638 2110 806 2209 quasdam
831 2110 992 2207 religione
1017 2134 1149 2196 sacras,
1176 2107 1214 2180 hi

103 2219 147 2294 de
158 2220 264 2296 lorma
275 2223 482 2322 materiaque
493 2237 681 2298 contractus
690 2223 822 2322 profani
836 2223 1071 2322 naturalisque
1080 2246 1215 2321 respon.-

102 2334 208 2409 dant?
231 2338 316 2411 Nam
333 2337 456 2412 sicum
477 2337 621 2412 ethnicis
637 2338 682 2411 dc
699 2338 787 2437 pacti
806 2337 900 2410 illius
916 2336 1216 2436 conventionisqas

100 2452 242 2526 mamma
261 2469 295 2527 et
314 2453 425 2528 forma
444 2455 671 2528 controversia
694 2453 792 2527 nobis
817 2463 1007 2542 esset,'non
1020 2452 1117 2526 aliter
1142 2476 1217 2550 pro·

103 2567 189 2642 tacto
211 2567 263 2641 illi
281 2593 322 2642 ac
338 2568 444 2642 nostri
466 2567 613 2667 theologi
638 2568 863 2668 loquerentur.
880 2569 922 2640 Et
938 2594 1038 2642 sane:
1055 2566 1137 2665 'quis
1149 2564 1217 2643 sibi

101 2697 169 2755 tam
194 2682 293 2756 laoile
316 2683 516 2783 persuadeat
541 2685 714 2757 materiam
732 2701 764 2758 et
781 2685 920 2757 sormam
945 2682 1057 2758 civilis
1081 2696 1217 2758 natue·

104 2795 216 2895 lisque
239 2808 445 2885 contractus,
470 2825 557 2898 quae
582 2798 672 2899 apud
697 2826 814 2874 ornnes
840 2814 957 2898 gentes
981 2825 1022 2873 ex
1045 2796 1215 2873 communi

104 2912 253 2987 omnium
282 2928 354 2986 turn
384 2913 535 2989 fidelium
567 2930 637 2988 tum
667 2914 856 2988 infidelium
880 2915 953 2989 iure
976 2928 1135 3013 perpetuo
1164 2911 1216 2987 ri-

101 3022 255 3122 guerunt,
272 3026 426 3103 eamdem
438 3029 575 3102 omnino
596 3030 771 3104 materiam
783 3044 817 3102 et
828 3029 968 3102 sormam
986 3053 1075 3114 esse,
1091 3025 1215 3125 quihus

103 3139 232 3237 integra
252 3157 288 3215 ct
311 3141 456 3240 perfecta
480 3155 613 3216 nostrae
638 3142 810 3239 religionis
836 3144 1079 3216 constituantur
1104 3166 1216 3215 sacra-

103 3255 251 3331 menta?
420 3267 423 3272 '

174 3371 323 3445 Tandem
337 3372 367 3445 si
380 3372 539 3447 haeretici
560 3388 850 3472 argumententur:
871 3374 1122 3449 matrimonium
1138 3398 1214 3446 cum

104 3487 214 3563 sacris
237 3488 454 3576 ceremoniis,
481 3515 557 3562 oum
583 3516 679 3563 sacra
703 3490 859 3576 materia,
887 3515 964 3562 cum
990 3498 1089 3563 sacra
1109 3489 1216 3562 forma

104 3624 232 3675 asacro
248 3601 404 3676 ministro
421 3603 708 3692 administratum,
728 3604 1010 3704 quemadmodum
1023 3604 1060 3676 in
1072 3601 1217 3677 ecclesia

104 3741 243 3790 romana
266 3742 401 3816 semper
422 3744 533 3818 usque
550 3718 593 3791 ab
611 3719 772 3818 apostolis
797 3719 1067 3792 administratum
1088 3732 1158 3805 est,
1184 3716 1215 3790 si

104 3829 185 3918 hoc,
214 3831 371 3931 inquam,
399 3847 688 3931 argumententur,
710 3850 954 3908 sacramentum
971 3833 1134 3908 ecclesiae
1148 3857 1216 3906 non

103 3971 198 4034 esse;
219 3961 298 4022 tunc
313 3947 499 4024 catholicus
525 3951 726 4050 respondeat
750 3951 908 4039 fidenter,
928 3951 1079 4023 animose
1100 3949 1217 4022 delen·

105 4061 181 4149 dat,
202 4088 320 4136 secure
335 4079 451 4137 contra
468 4081 604 4165 pugnet.
626 4067 749 4141 Poterit
765 4068 855 4139 enim
875 4081 1117 4141 consentaneas
1141 4090 1217 4137 cau-

105 4203 159 4251 sas
173 4178 266 4251 omni
284 4179 435 4278 poscenti
454 4179 593 4254 reddere
605 4181 648 4253 de
660 4208 719 4270 ea,
735 4197 885 4281 quaeest
898 4182 933 4253 in
945 4179 1086 4254 ecclesia
1098 4179 1212 4266 lirma,

106 4308 280 4394 perpetua,
301 4307 525 4395 constansque
547 4295 709 4372 doctrina.
727 4296 849 4371 Poterit
875 4296 974 4370 fidam
1000 4319 1137 4396 quoque
1160 4320 1217 4369 no·
