2872 5062
264 383 333 434 ιιι.
344 383 389 434 ιιι.
400 381 441 433 nr
456 367 574 433 incur.
591 380 650 432 rao
667 379 747 431 naue
763 379 804 431 nr
820 377 916 432 rann.
928 380 992 431 cm.
1008 381 1078 432 ιιι.
1096 381 1143 433 ιιι.
1199 361 1267 434 tti

167 501 366 601 antiquitate
390 499 560 573 universa.
591 500 695 572 lmmo
719 498 832 597 potius
856 498 922 571 hac
945 498 1129 600 disciplina
1153 499 1270 576 funda·

165 616 303 691 mentali
326 615 532 703 constituta,
560 613 702 689 ecdesia
723 613 906 715 permittit,
939 618 1001 689 seu
1026 613 1144 690 tolerat
1164 641 1269 716 quae-

166 734 293 807 stiones
315 730 514 806 theor'eticas
537 747 570 806 et
589 729 839 830 speculativas,
870 730 1151 831 qrremadmodum
1176 732 1270 809 salva

166 848 213 922 rei
239 845 449 934 substantia,
478 845 513 918 in
538 844 692 945 pluribus
718 844 796 920 aliis
820 845 1056 945 permittuntur
1071 871 1112 920 ac
1128 828 1271 921 toleran-

166 979 220 1038 tur
251 962 417 1062 quaedam
447 961 695 1061 disputationes
726 960 967 1060 theologorum.
995 961 1104 1061 Atque
1133 978 1172 1035 ut
1202 989 1272 1037 rem

165 1077 319 1177 exemplo
343 1077 446 1177 petito
471 1076 515 1151 ab
539 1075 616 1153 eliis
640 1075 861 1152 sacramentis
883 1075 1110 1164 illustremus,
1130 1077 1272 1152 ecclesia

165 1191 380 1267 administrat
404 1206 651 1266 sacramentum
671 1189 800 1265 ordinis
822 1206 891 1265 tum
913 1216 1072 1264 manuum
1089 1190 1273 1290 impositio

166 1333 227 1396 ne,
248 1322 319 1381 tum
345 1307 641 1382 instrumentorum
665 1306 863 1394 traditione,
887 1306 973 1380 adeo
996 1322 1035 1380 ut
1057 1307 1088 1381 si
1113 1305 1274 1381 alterutra

166 1423 307 1502 materia
331 1421 439 1511 desit,
466 1437 525 1497 aut
548 1422 654 1496 forma
679 1448 767 1522 quae
792 1423 982 1497 alterutram
1008 1421 1184 1497 comitatur
1207 1447 1274 1496 ma·

166 1537 304 1624 teriam,
340 1534 459 1611 saltem
483 1535 548 1609 sub
577 1534 770 1610 conditione
799 1551 902 1611 tetam
930 1550 1058 1635 repetat
1089 1536 1273 1610 ordinatio-

156 1677 241 1724 nem
258 1653 370 1747 (112).
388 1651 551 1726 Permittit
571 1666 680 1752 tamen
698 1652 788 1725 utin
804 1650 932 1727 scholis
949 1651 1153 1751 disceptetur
1168 1675 1272 1750 quae-

165 1754 244 1838 nam
274 1792 314 1839 ex
339 1765 394 1840 his
420 1766 571 1840 materiis
603 1764 772 1841 censenda
797 1766 843 1842 sit
866 1764 1077 1853 essentialis,
1105 1788 1273 1865 quaenam

164 1880 364 1978 integralis3
391 1908 436 1954 an
464 1880 584 1956 ambae
614 1881 811 1956 essentiales
835 1881 906 1955 sint
927 1908 990 1956 nec
1015 1907 1069 1955 ne.
1097 1881 1136 1952 Id
1160 1878 1274 1980 ipsum

166 1996 263 2075 dicas,
281 1999 324 2072 de
340 1997 629 2072 administratione
650 1996 913 2072 confirmationis
935 1997 972 2070 in
988 2023 1057 2097 qua
1073 1999 1276 2071 concurrunt

166 2128 202 2186 et
223 2134 345 2193 manus
369 2111 541 2211 impositio
558 2127 592 2187 et
607 2113 721 2186 unctio
738 2111 947 2212 opobalsami
967 2111 1003 2184 in
1027 2110 1155 2198 fronte,
1175 2111 1272 2184 etita

163 2253 275 2327 porro.
297 2228 368 2301 lam
391 2253 471 2302 vero
501 2227 666 2328 numquid
687 2253 727 2300 ex
752 2227 808 2302 bis
833 2224 1049 2327 speculativis
1075 2225 1273 2324 disputatio·

164 2342 287 2432 nibus,
307 2367 396 2441 quae
412 2341 456 2416 ub
472 2341 618 2417 ecclesia
642 2342 898 2441 permittuntur,
925 2339 1126 2415 concludere
1142 2340 1194 2414 las
1210 2340 1275 2414 erit

164 2484 233 2533 non
258 2457 426 2557 pertinere
452 2457 496 2531 ad
519 2458 734 2558 disciplinam
758 2457 1042 2531 fundamentalem
1067 2456 1211 2530 formam
1236 2455 1271 2528 in

164 2573 309 2648 ecclesia
328 2591 497 2674 receptam
514 2574 549 2646 in
567 2574 733 2648 eiusmodi
754 2588 1039 2649 sacramentorum·
1062 2572 1275 2646 administra·

163 2686 280 2762 uene?
305 2689 409 2771 Nemo
434 2701 540 2763 sanus
566 2687 601 2760 id
625 2688 725 2762 dicet.
747 2687 857 2761 Simili
877 2688 980 2786 igitur
996 2688 1125 2762 ratione
1142 2686 1186 2761 de
1202 2713 1274 2762 ma-

132 2830 134 2835 <
165 2802 311 2877 trimonii
336 2819 549 2879 sacramento
573 2820 625 2878 est
653 2802 900 2878 disserendum.

200 2935 203 2943 '
234 2917 307 2993 Hac
331 2919 433 3017 igitur
457 2920 579 2993 reiecta
599 2919 802 3018 exclusaque
825 2919 913 2993 falsa
937 2918 1119 3018 hypothesi
1143 2916 1188 2991 de
1211 2940 1267 2990 se-

162 3031 375 3132 parabilitate
395 3046 584 3108 contractus
602 3048 636 3107 et
652 3032 852 3107 sacramenti
869 3033 904 3105 in
921 3031 1088 3129 coniugiis
1113 3030 1270 3105 christia-

164 3173 307 3235 norum,
323 3149 441 3247 nequit
453 3149 599 3249 amplius
618 3145 743 3222 hahere
756 3147 865 3222 locum
877 3147 986 3221 illatio
997 3146 1156 3221 oratoris:
1176 3170 1274 3244 expe

162 3261 237 3341 dire
247 3277 285 3336 ut
298 3275 507 3362 separentur.
524 3265 700 3338 Praeterea
710 3288 814 3360 regno
826 3278 884 3335 aut
896 3261 1101 3363 reipublicae
1112 3259 1275 3360 prodesse

164 3403 232 3450 non
266 3394 376 3476 potest
396 3380 669 3480 ‘independentia
701 3377 745 3451 ab
777 3378 946 3464 ecclesia3
983 3375 1150 3450 eiusmodi
1183 3376 1273 3449 enim

164 3492 426 3591 independentia
452 3496 486 3567 in
512 3496 574 3582 iis,
603 3520 691 3594 quae
714 3495 758 3567 ad
785 3494 980 3592 religionem
1007 3495 1193 3593 pertinent,
1220 3517 1275 3563 es-

163 3622 219 3679 set
246 3623 342 3681 actus
368 3609 607 3709 perduellionis
633 3625 749 3683 contra
778 3609 872 3681 illam
902 3608 1145 3695 auctoritatem,
1172 3629 1275 3706 quam

165 3720 323 3796 Christus
350 3723 425 3822 ipse
450 3724 624 3799 constituit
655 3724 804 3798 omnium
836 3723 973 3798 omnino
1003 3722 1177 3798 hominum
1204 3746 1276 3794 ma-

165 3852 248 3909 trem
267 3864 306 3912 ac
323 3838 520 3936 magistram
537 3841 650 3936 (113).
666 3837 887 3941 Respublica,
915 3853 974 3911 aut
998 3863 1157 3934 regnum,
1174 3835 1204 3908 si
1222 3857 1275 3907 re

235 4095 304 4157 (tit)
319 4095 360 4146 ci.
372 4096 497 4147 Benedict
508 4099 573 4148 xlv.
584 4101 623 4148 Do
633 4097 732 4162 syuodo
743 4097 824 4149 dium.
835 4097 879 4148 lib.
889 4099 957 4148 vlit.
967 4109 1022 4160 rap.
1033 4098 1066 4145 x.
1078 4093 1103 4158 §.
1115 4099 1196 4145 tals.
1262 4127 1264 4131 -

151 4240 155 4246 ,
236 4174 304 4238 (¹1³)
320 4178 401 4239 Atque
412 4176 467 4228 heic
476 4177 563 4228 menn
571 4177 816 4229 animadvertendum
830 4179 869 4229 cst
882 4189 1011 4229 «roncum
1026 4177 1098 4239 plane
1114 4187 1168 4225 esso
1185 4172 1274 4236 princi·

164 4253 235 4315 pium
249 4265 300 4315 quo
314 4267 363 4304 non
379 4255 450 4318 pauci
468 4255 667 4320 pseudo-potrum
682 4257 837 4320 utuntur,ut
848 4257 965 4319 inieram,
980 4255 1108 4307 ccolmiam
1124 4252 1273 4317 reipublicae

162 4329 253 4382 debore
263 4332 366 4384 subesse
377 4347 406 4384 ac
415 4334 518 4399 proinde
528 4334 713 4401 cumpace,
724 4350 754 4390 eo
765 4336 834 4402 quod
843 4336 982 4402 respublica
994 4333 1121 4387 admiserit
1131 4332 1271 4394 eorsum,
