2872 5062
320 374 406 439 ,cun
423 375 458 424 u.
480 375 519 424 on
545 374 704 424 urursrno.
726 375 796 423 rer.
815 375 837 423 ι.
860 374 989 434 ouresr.
1012 377 1116 428 ormo.
1236 357 1280 426 tt

160 485 349 596 hypothesi
374 494 404 567 si
430 493 621 589 coniugium
651 491 781 591 absque
812 493 1012 566 sacerdotali
1050 493 1282 570 benedictione

161 625 280 683 mutuo
298 624 428 682 tantum
446 607 713 682 contrahentium
731 633 898 682 consensu
916 608 1158 699 celebraretur,
1176 612 1281 686 solius

158 739 354 798 contractus
368 721 544 808 naturalis,
560 737 619 794 aut
631 722 740 795 civilis
759 722 982 794 conditionem
1000 723 1188 812 induceret,
1208 753 1282 824 per-

164 839 257 938 petui
283 853 393 910 tamen
420 853 521 936 atque
545 836 810 923 indissolubilis;
832 837 862 908 si
878 864 957 910 vero
983 839 1167 912 sacerdotis
1185 866 1282 938 prae
1319 861 1321 864 ’

163 970 258 1026 terea
284 952 474 1053 praesentia
502 978 543 1024 ac
571 952 803 1045 benedictione
835 953 1043 1041 muniretur,
1082 957 1281 1030 sacramenti

158 1083 317 1140 ‚naturam
339 1083 594 1165 assequeretur,
612 1067 824 1166 gratiamque
849 1066 1048 1163 coniugibus
1074 1070 1277 1144 conciliaret

162 1183 331 1270 Quocirca
354 1182 390 1252 in
408 1182 472 1255 hec
494 1166 660 1255 sententia
679 1182 841 1280 nuptialis
855 1182 1014 1255 'loederis
1029 1186 1280 1260 sacramentalis
1364 1270 1365 1273 Ἴ

160 1299 321 1385 minister
334 1298 430 1372 leret
456 1298 634 1383 sacerdos,
664 1297 776 1370 lorma
796 1313 906 1370 autem
930 1298 1053 1386 verba,
1083 1326 1171 1398 quae
1188 1328 1208 1374 a
1226 1305 1281 1376 sav
1340 1368 1341 1371 ,

159 1415 297 1488 cerdote
311 1434 407 1487 sacro
419 1413 485 1487 hoc
497 1413 532 1483 in
548 1413 614 1486 ritu
628 1429 841 1511 promuntur;
862 1414 1001 1486 materia
1018 1440 1117 1513 porro
1135 1432 1276 1504 remota,

158 1555 264 1628 quam
281 1528 419 1614 dicunt,
441 1528 639 1602 consisteret
655 1528 690 1598 in
708 1529 784 1626 ipso
802 1529 1067 1622 contrahentium
1092 1556 1276 1620 consensu,

164 1670 224 1717 seu
242 1644 334 1717 civili
352 1647 535 1717 contractu.
553 1642 639 1716 lliuc
648 1643 810 1740 coniugia
827 1644 940 1717 omnia
953 1644 1177 1731 clandestina,
1192 1672 1280 1745 quae

158 1759 327 1854 celebrari
352 1757 529 1855 contigerit
551 1759 628 1831 sine
653 1759 837 1851 sacerdotis
863 1786 985 1858 opera,
1002 1760 1149 1834 totidem
1173 1761 1281 1835 forent

157 1875 243 1948 meri
265 1875 454 1948 contractus
480 1873 667 1961 naturales,
696 1890 753 1946 eut
777 1875 893 1947 civiles
914 1904 922 1962 ;
947 1897 1038 1975 ‘maa
1063 1875 1280 1950 dehonestata

161 1988 285 2061 luerim
309 1987 493 2062 sacerdotis
519 1987 771 2075 benedictione,
800 1989 937 2062 totidem
962 1990 1141 2064 evaderent
1166 2011 1278 2064 sacra*

160 2101 517 2200 mentapressedicta.
536 2101 632 2188 Quae
645 2101 915 2175 res'sacramenti
936 2102 1151 2201 baptismatis
1171 2131 1278 2178 exem-

163 2216 219 2315 plo
237 2216 477 2292 illustraturet
492 2217 731 2301 confirmatur,
761 2217 858 2289 cuius
880 2233 1012 2290 remota
1032 2218 1277 2315 materiaeque

158 2348 212 2405 ost
226 2333 415 2420 naturalis,
434 2333 603 2407 ,fitautem
625 2347 874 2403 sacramentum
892 2331 973 2403 dum
990 2331 1129 2404 verbum
1147 2332 1191 2405 ad
1208 2331 1276 2405 ele-

159 2454 311 2520 mentum
335 2447 476 2521 accedit.
503 2511 506 2516 .
534 2442 536 2447 ’
613 2508 615 2513 .
684 2499 687 2507 .
717 2497 718 2502 1
1054 2504 1056 2511 s

230 2563 325 2636 llaec
350 2563 468 2637 eadem
493 2563 644 2657 doctrina
664 2561 832 2635 tribuitur
848 2564 952 2636 ,Petro
977 2563 1148 2637 Paludano
1176 2564 1275 2637 sohte

159 2675 279 2751 lastico
291 2676 398 2751 seculi
412 2677 514 2762 ,lllll.;
530 2677 687 2750 floruisse
701 2677 873 2776 siquidem.
888 2676 1057 2775 peribetur
1073 2678 1129 2750 an.
1147 2679 1271 2764 letor

161 2818 314 2866 necnon
325 2791 467 2866 concilio
481 2791 676 2891 provinciali
690 2791 889 2878 coloniensi,
905 2792 995 2892 quod
1008 2792 1209 2866 celebratum
1224 2808 1275 2866 est

163 2932 217 2979 an,
241 2909 364 2994 lost,
385 2934 530 2981 necnon
548 2907 761 2994 Hermanno,
781 2908 840 3006 qui
859 2923 977 3005 postea
994 2907 1037 2979 ab
1054 2908 1198 2981 ecclesia
1214 2933 1276 3006 por

160 3022 366 3121 apostasiam
391 3023 533 3108 defecit,
554 3038 591 3095 ut
610 3023 825 3121 profiteretur
849 3022 1017 3096 haeresim
1042 3022 1271 3108 lutheranam‚

159 3149 238 3236 qu‘o
252 3137 410 3239 praesule
434 3136 613 3211 concilium
639 3137 830 3210 coloniense
859 3136 1060 3210 celebratum
1076 3170 1080 3203 .·
1094 3137 1212 3209 luerat..
1239 3137 1273 3210 ls

157 3251 304 3327 enimin
326 3252 631 3339 suocatechismjo,
660 3261 760 3351 quem
786 3279 846 3351 per
870 3253 905 3324 id
930 3251 1149 3350 temporisiu
1173 3277 1273 3324 usum

159 3392 242 3440 suae
268 3366 559 3445 archidioeceseos
584 3365 798 3462 vulgaverat,
828 3367 1012 3440 insinuavit
1028 3367 1117 3439 hanc
1140 3382 1274 3439 senten-

159 3481 238 3555 tiam
256 3482 307 3555 de
331 3481 505 3556 sacerdote
518 3481 680 3558 ‚ministro
692 3554 695 3558 ,
707 3482 905 3556 sacramenti
932 3481 1147 3555 matrimonii.

229 3597 323 3670 llaec
346 3597 483 3696 quidem
508 3596 707 3670 Benedictus
730 3598 811 3670 XIV.
838 3622 878 3670 ao
903 3597 1023 3696 reliqui
1050 3623 1183 3683 omnes,
1213 3596 1272 3694 qui

158 3712 199 3786 de
215 3697 322 3786 huius
340 3707 526 3807 sententiae
544 3708 736 3809 primordiis
749 3701 960 3786 ‘disseruere
971 3713 1113 3797 Verum,
1134 3737 1170 3783 re
1186 3709 1273 3781 bene

157 3852 343 3926 perpensa,
361 3814 626 3924 deprehenditur
644 3827 795 3900 omnium
820 3828 986 3926 primum,
1010 3827 1069 3926 qui
1087 3826 1271 3899 doctrinam

157 3942 199 4015 de
209 3958 212 3965 '
224 3941 399 4016 sacerdote
424 3941 600 4014 christiani
615 3935 780 4038 coniugii
798 3943 951 4040 ministro
962 3961 979 4029 ,'
995 3942 1144 4041 adeoque
1161 3940 1204 4012 de
1220 3939 1273 4044 di-

157 4039 336 4138 eductione
356 4056 442 4139 inter
458 4072 663 4131 contractum
681 4085 772 4132 mere
789 4051 919 4133 civilem
933 4046 1223 4131 etsaeramentum
1237 4054 1271 4124 in

157 4173 285 4272 nuptiis
303 4172 562 4245 christianorum
575 4173 609 4242 in
623 4172 962 4277 scholaspcatholicas·
973 4170 1145 4256 invexerit,
1156 4169 1274 4241 luisse

154 4275 321 4361 celebrem
348 4279 560 4379 Melchiorem
590 4272 717 4389 Canum
734 4347 758 4375 „
779 4288 837 4388 qui
858 4288 958 4386 ,opus
985 4288 1084 4360 suum
1113 4274 1161 4368 De
1196 4282 1273 4355 locis

1175 4432 1192 4480 r
