2872 5062
224 346 292 416 ias
423 368 483 417 mn.
505 368 527 416 ι.
549 367 634 417 secr.
656 369 678 416 r.
700 369 740 417 ns
758 368 886 419 usrnru.
909 366 1119 419 sscmusuro.

223 483 431 560 celebrandis
457 485 543 558 actio
567 484 782 559 sacerdotalis
810 488 873 581 (3).
898 485 985 582 Ergo
1009 512 1118 585 neque
1141 485 1184 558 de
1207 512 1324 561 neces-

223 601 322 673 sitate
347 600 544 672 sacramenti
569 625 608 671 ex
624 598 755 680 ,christi
778 600 983 674 institutione
999 601 1163 674 eiusmodi
1182 604 1271 676 aetio
1288 605 1323 675 in

162 709 168 724 ⁶
222 715 377 812 coniugio
407 714 590 788 christiano
612 730 664 786 esi
690 715 898 814 requirenda.
930 714 1026 799 Quod
1053 716 1082 786 si
1108 716 1249 789 ecelesia
1273 745 1325 810 sa·

223 829 432 927 pientissima
456 829 646 915 constituit,
666 846 704 901 ut
720 830 785 901 ritu
806 829 1044 902 benedictionis
1065 831 1220 904 sacerdos
1240 832 1325 905 fide-

223 943 305 1016 lium
336 946 469 1043 nuptias
504 944 756 1032 cohonestaret,
789 945 844 1017 bic
870 945 952 1017 ritus
982 945 1089 1016 eidem
1118 962 1324 1021 sacramento

223 1061 429 1132 extrinsecus
455 1075 526 1146 est,
555 1061 761 1134 accessorius
782 1085 821 1133 ac
846 1086 936 1133 mere
959 1059 1232 1147 caeremonialis,
1260 1063 1324 1132 mi-

224 1173 314 1246 nime
337 1199 415 1246 vero
440 1173 548 1246 eidem
573 1174 775 1247 essentialis.

288 1289 320 1359 Si
336 1288 424 1388 quod
438 1289 577 1387 proinde
589 1289 747 1362 biblicum
757 1289 1000 1376 documentum,
1014 1288 1103 1388 quod
1117 1288 1159 1360 ad
1171 1289 1325 1363 christia-

224 1429 304 1475 num
329 1404 540 1501 coniugium,
569 1422 666 1504 prout
690 1420 933 1477 sacramentum
958 1420 1029 1490 est,
1059 1404 1237 1491 reseratur,
1259 1405 1324 1478 boc

224 1516 312 1591 lauet
334 1519 622 1606 contrahentibus,
647 1520 704 1619 qui
730 1520 921 1617 coniugium
943 1520 1054 1617 ipsum
1073 1518 1135 1592 soli
1153 1518 1319 1606 efficiunt,

224 1632 375 1733 adeoque
401 1634 512 1731 ipsum
547 1651 812 1721 sacramentum,
841 1635 977 1706 minime
1001 1651 1110 1707 autem
1135 1635 1320 1721 sacerdoti,

224 1749 283 1848 qui
298 1748 380 1821 illud
393 1750 460 1822 iam
474 1750 627 1824 effectum
641 1750 868 1823 tantummodo
879 1749 1062 1835 benedicit,
1076 1775 1137 1822 nec
1149 1767 1325 1847 propterea

223 1863 423 1951 conficiens,
452 1890 511 1938 seu
535 1866 687 1938 minister
711 1867 838 1939 censeri
864 1880 983 1964 potest.

640 2025 853 2082 ARTlCULUS.
876 2025 911 2079 ii.

568 2171 745 2246 Argumenta
765 2170 970 2230 traditionalis.

295 2326 370 2399 lluo
394 2327 580 2399 referuntur
606 2328 794 2401 testimonia
816 2343 965 2425 patrum,
990 2325 1220 2412 conciliorum,
1239 2344 1271 2401 et
1283 2327 1324 2399 li-

225 2438 358 2512 brorum
383 2440 688 2529 sacramentalium,
710 2441 831 2527 idest,
853 2436 1028 2527 librorum,
1045 2440 1079 2511 in
1097 2440 1221 2540 quibus
1240 2443 1322 2515 ratio

227 2553 401 2627 exhibetur
417 2571 623 2629 sacramenta
641 2556 915 2641 administrandi,
932 2556 1118 2628 cuiusmodi
1137 2572 1215 2629 sunt
1232 2558 1324 2656 apud

228 2692 364 2762 graecos
386 2683 418 2740 et
435 2667 611 2741 orientales
635 2668 848 2766 euchologia,
873 2685 905 2742 et
926 2665 1074 2757 ritualia,
1100 2688 1323 2744 sacramenta-

227 2779 286 2868 lia,
307 2806 346 2853 ac
371 2780 574 2878 pontificalia
599 2781 687 2880 apud
713 2781 845 2855 latinos.
868 2785 967 2856 Porro
986 2808 1025 2856 ex
1042 2783 1097 2857 bis
1115 2784 1323 2858 documentis

297 3041 333 3105 (t)
348 3043 424 3094 Proui
434 3043 537 3094 testatur
545 3042 662 3094 saivador
678 3044 837 3107 Philosophus
846 3056 888 3094 seu
900 3043 981 3106 potius
992 3042 1232 3094 incredulo-iudaeus
1243 3043 1268 3091 in
1283 3056 1324 3106 op.

223 3123 337 3174 Histoire
354 3121 399 3174 der
416 3126 578 3175 institutioni
598 3123 629 3174 de
646 3126 725 3175 noae
738 3125 767 3174 et
780 3122 817 3174 du
828 3122 1122 3187 saepememorati
1140 3129 1206 3173 iaia.
1219 3125 1279 3172 tom.
1292 3124 1324 3172 ii.

225 3200 296 3264 cbsp.
310 3203 391 3265 ipsg.
406 3209 448 3254 iia
457 3216 508 3266 seq.
521 3203 562 3252 ubi
576 3202 672 3253 scribit:
685 3222 697 3245 ιι
707 3203 770 3252 Oiiez
782 3202 816 3252 ies
829 3202 946 3265 romains,
959 3202 982 3252 ie
991 3201 1082 3263 cniiege
1092 3200 1135 3260 des
1145 3200 1249 3263 pontisas
1259 3200 1326 3251 avait

205 3340 208 3348 Ι
226 3279 287 3331 dans
302 3293 330 3331 sa
344 3281 501 3343 iurisdiction
518 3282 553 3333 ies
572 3281 713 3346 adoptione,
726 3281 762 3332 lea
771 3285 915 3346 sturiones,
926 3282 960 3332 les
971 3280 1121 3343 luneraiiies,
1133 3280 1169 3330 les
1179 3281 1324 3341 testamem,

227 3359 263 3410 ies
278 3372 397 3424 carmena,
417 3361 452 3412 les
469 3374 545 3424 vaus,
560 3362 595 3412 ios
611 3358 1074 3423 consecratione....Dansiaprttendue
1084 3356 1268 3408 ibeoeratiedes
1280 3359 1324 3407 iic·

225 3436 315 3502 braux,
327 3439 393 3489 leurs
406 3439 526 3490 fonctions
543 3440 622 3489 iurent
636 3439 686 3489 ioin
697 3439 815 3489 d’obtenir
831 3452 878 3490 une
893 3439 1017 3489 extensior
1028 3437 1048 3488 si
1060 3436 1157 3500 grande.
1169 3437 1202 3486 iis
1213 3436 1327 3486 u'etaient

226 3515 279 3580 (ies
288 3519 379 3581 pretias
387 3518 405 3580 ),
417 3520 442 3569 ni
453 3532 483 3569 au
498 3521 604 3570 moment
615 3519 646 3569 de
656 3521 678 3568 ia
689 3518 813 3569 naissance
823 3518 866 3569 des
876 3519 995 3582 nitoyens,
1007 3519 1033 3568 ni
1046 3517 1113 3567 dana
1128 3516 1164 3566 ter
1178 3517 1324 3578 mariapes,

224 3594 250 3647 nl
258 3596 273 3646 i
282 3597 335 3647 leur
346 3598 449 3648 mort...
456 3600 531 3649 Leurs
540 3598 657 3661 marianas
668 3598 782 3648 n'etsient
790 3599 885 3648 raucius
894 3597 1022 3648 d’sucunc
1030 3595 1170 3648 calmonte
1180 3594 1325 3657 rciipieriae,

224 3676 247 3727 si
258 3688 286 3726 ra
297 3676 358 3729 n'cst
372 3675 415 3727 des
431 3677 522 3741 priores
543 3676 575 3727 du
593 3677 648 3742 pere
663 3677 693 3727 ile
707 3677 810 3739 ianuile,
822 3679 846 3727 et
856 3677 899 3727 des
912 3677 1027 3727 amiciens
1046 3689 1108 3739 pour
1125 3674 1209 3725 attirer
1221 3673 1245 3723 ia
1255 3672 1325 3722 bene·

227 3754 319 3807 diction
330 3754 360 3807 de
370 3755 440 3806 Dieu.
452 3755 516 3807 Tout
526 3769 551 3807 se
561 3757 650 3820 passati
666 3758 733 3807 entre
746 3742 832 3820 par'ens
842 3757 866 3805 et
876 3755 951 3818 amis,
963 3768 990 3805 ce
999 3754 1094 3815 n’ttait,
1114 3753 1188 3816 qu'un
1208 3754 1328 3802 contrait

225 3833 317 3896 cirtio
327 3836 352 3884 et
366 3833 438 3885 afferi
452 3835 620 3886 anctoritatem
632 3834 719 3897 Fieury
730 3837 827 3886 iteum
841 3833 885 3884 des
896 3833 1031 3884 israelites
1041 3835 1066 3883 et
1081 3831 1126 3882 des
1138 3830 1276 3882 ciirctierrr.
1289 3829 1327 3880 ci.

226 3913 299 3964 etiarn
310 3914 369 3963 iabn
378 3913 563 3977 Arcbaenioptc
571 3914 787 3964 biblienviennae
798 3917 864 3965 iiiii.
871 3914 914 3976 qui
921 3912 944 3976 §.
953 3916 1004 3963 ini.
1011 3911 1106 3962 scribit:
1115 3911 1238 3974 «inanique
1245 3908 1327 3973 nuptis

225 3994 307 4059 ampla
316 3995 444 4057 posteritas
455 3993 627 4058 exoptabatur,
636 3996 660 4044 et
668 3994 727 4044 haec
738 3996 790 4044 ersi
799 3993 877 4043 omnis
886 3991 1021 4044 benedictio
1033 3991 1159 4056 nuptiniis‚
1172 3992 1279 4053 Geumi,
1287 3996 1326 4040 eo.

226 4076 301 4127 iiuiir.
315 4079 339 4138 i,
359 4083 437 4127 lida.
450 4079 517 4134 Quae
531 4075 658 4126 recentiori
673 4087 734 4126 aevo
748 4074 869 4139 paulisper
882 4075 1012 4125 solemnior
1026 4073 1091 4124 iacta
1101 4074 1153 4135 est,
1164 4070 1225 4121 Tob.
1237 4076 1261 4134 7,
1274 4078 1326 4123 15.»

225 4155 355 4215 Quomodo
364 4157 425 4207 haec
433 4157 609 4220 componantur
623 4170 680 4207 num
693 4155 724 4206 iis
736 4168 798 4219 qnae
811 4155 938 4217 dicuntur,
947 4156 972 4205 et
980 4153 1080 4217 quidem
1088 4153 1164 4215 recte,
1172 4151 1204 4201 de
1214 4150 1263 4201 ritu
1274 4149 1328 4200 reii-

226 4235 295 4298 gioso
317 4235 343 4286 in
362 4236 452 4300 nuptiis
465 4239 562 4287 servato
577 4248 648 4298 panes
663 4235 778 4298 iudaeos,
793 4248 840 4285 suo
853 4236 908 4284 ioco
923 4234 1045 4296 disemum
1061 4231 1157 4282 inierim
1174 4231 1229 4281 heic
1242 4229 1329 4281 saltem

227 4313 324 4365 iirmum
343 4315 376 4366 sii
394 4314 568 4366 socerdotalem
584 4315 703 4366 actionem
718 4316 743 4364 in
759 4314 849 4378 nuptiis
864 4314 964 4364 minime
975 4313 1050 4363 inisse
1064 4310 1224 4362 cssenbsienr.
