2872 5062
176 354 245 425 278
376 375 436 426 urs.
458 376 485 425 1.2
503 373 589 424 secr.
612 374 1073 426 rernm.oenrrnnr.orvn1.·
1100 396 1102 401 ·

174 509 281 579 mant;
303 492 450 590 dumque
467 491 727 590 protestantibus
752 493 881 567 favores
907 493 1042 591 profuse
1066 493 1276 592 impendunt,

174 608 285 707 iisque
317 623 385 679 tum
416 606 541 678 directe
566 620 635 677 tum
662 606 823 679 indirecte
848 607 913 679 sub
937 606 1156 679 emendicatis
1186 606 1281 679 luca·

173 724 285 822 tisque
318 721 544 822 praetextibus
574 721 697 818 gratias
728 721 938 818 largiuntur,
967 720 1090 821 templa
1114 721 1275 817 erigunt,

171 854 229 911 eos
246 838 281 909 in
300 837 437 910 tutelam
464 836 674 934 suscipiunt,
703 861 818 909 eorum
844 835 1117 935 proselytismum
1142 851 1277 934 aperte,

171 968 229 1026 aut
255 968 382 1026 secreto
406 977 466 1051 pro
495 977 605 1024 rerum
639 967 893 1050 temporumque
924 951 1092 1022 adiunctis
1117 949 1281 1024 adiuvant

171 1081 461 1165 pmmoventque;
498 1080 612 1138 contm
638 1091 675 1137 se
705 1065 854 1137 iolensos
894 1064 1079 1138 catholicae
1115 1065 1281 1138 ecclesiae

170 1182 334 1254 ministris
369 1181 441 1254 sive
482 1181 691 1254 secularibus
728 1181 800 1253 sive
835 1179 1046 1276 regularibus
1086 1195 1282 1254 constanter

171 1295 361 1395 praebent,
391 1305 451 1369 'eos
485 1313 640 1398 torquent
670 1311 857 1395 vexantque
886 1295 951 1401 sub
975 1294 1039 1367 levi
1064 1314 1199 1394 quoque
1223 1320 1282 1368 co—

169 1410 250 1484 lore.
281 1411 323 1483 Ut
347 1427 457 1483 autem
485 1413 520 1482 in
548 1427 762 1513 argumento,
789 1411 834 1482 de
862 1435 929 1509 quo
953 1410 1105 1506 agimus,
1138 1396 1280 1483 insista-

170 1550 267 1611 mus,
301 1525 381 1597 dum
406 1525 441 1595 in
466 1523 609 1624 publicis
639 1523 783 1597 comitiis
814 1550 881 1596 non
913 1524 959 1595 ita
988 1524 1117 1623 pridem
1152 1515 1277 1597 alicubi

171 1656 324 1737 ageretur
349 1640 489 1736 delego
514 1640 731 1739 pmponenda
754 1639 797 1711 ad
822 1640 1099 1738 compescendam
1128 1641 1276 1714 virorum

168 1756 471 1829 ecelesiasticorum
498 1756 684 1838 licentiam,
714 1754 750 1825 id
779 1770 830 1827 est
858 1755 1044 1828 libertatem
1074 1756 1111 1825 in
1139 1757 1277 1856 proprio

169 1883 307 1959 munere
338 1872 530 1968 fungendo,
571 1869 800 1969 interpellatus
832 1869 895 1943 suit
927 1894 1063 1969 praeses
1096 1871 1139 1942 de
1173 1896 1274 1944 sensu

168 1986 359 2084 propositae
391 1984 496 2081 legis,
529 2010 568 2057 eo
598 1983 751 2082 quod
718 1984 819 2056 nimis
852 2008 957 2080 vagus
992 1970 1190 2091 videretur3
1223 2011 1277 2058 re·

165 2095 304 2198 spondit
330 2116 441 2194 autem
467 2125 506 2171 ex
531 2099 643 2171 ollicio
669 2099 781 2194 regius
806 2099 982 2184 minister,
1012 2084 1151 2172 sensum
1175 2088 1272 2186 esse,

165 2187 427 2312 compescendos
453 2238 529 2286 esse
554 2212 803 2285 ecclesiasticos
828 2214 939 2299 viros,
961 2239 991 2285 sr
982 2212 1135 2315 aliquis
1153 2215 1277 2314 depre⁴

164 2327 392 2400 henderetur
384 2355 418 2397 m
436 2326 543 2425 legem
569 2327 718 2425 aliquam
744 2352 902 2426 peccasse
920 2354 940 2398 a
957 2328 1094 2426 politica
1110 2343 1275 2436 potestate

165 2445 347 2528 sancitam3
361 2468 487 2571 'neque
503 2442 558 2513 his
584 2457 779 2529 contentus,
808 2427 996 2542 exemplum
1021 2444 1187 2517 attulit
1157 2470 1274 2544 singu·

162 2558 251 2643 lure,
268 2557 389 2655 siquis
408 2557 565 2628 nimirum
578 2556 620 2628 de
633 2558 801 2654 coniugiis
817 2557 974 2631 civilibus
980 2574 1193 2668 ,postquam
1200 2560 1274 2669 lege

163 2671 292 2743 sancita
317 2687 447 2756 essent,
474 2669 719 2769 obloqueretur.
746 2656 878 2758 Quibus
894 2674 1109 2749 manifestum
1127 2676 1172 2748 fit
1175 2702 1272 2782 ,qua

162 2785 265 2875 anima
256 2783 502 2883 dispositione
519 2811 599 2881 erga
615 2785 792 2858 ecclesiam
810 2787 1008 2861 catholicam
1025 2789 1193 2863 eiusmodi
1210 2791 1272 2865 bo-

160 2899 268 2973 mines
294 2899 404 2973 affecti
430 2900 498 2971 sint
523 2916 555 2972 et
579 2901 787 3029 comparati,
816 2903 900 3002 quin
925 2901 1023 3002 plura
1047 2891 1272 3010 adiiciamus,

160 3031 197 3087 ut
209 3013 445 3087 confirmemus
458 3040 498 3087 ea
511 3015 642 3102 omnia,
663 3041 750 3114 quae
767 3015 930 3090 hactenus
948 3019 1115 3116 prosecuti
1134 3044 1265 3094 sumus

236 3129 354 3227 ltaque
378 3130 480 3201 etiam
504 3155 544 3202 ex
569 3129 634 3203 boc
657 3132 754 3204 tertio
779 3131 908 3230 eapite,
936 3158 977 3204 ox
1002 3132 1267 3208 indole-scilicet

163 3238 197 3314 et
221 3243 342 3338 agendi
369 3244 497 3317 ratione
521 3270 653 3329 eorum,
681 3247 741 3344 qui
767 3245 922 3347 coniugia
950 3246 1062 3321 civilia
1078 3248 1207 3323 *lerant
1228 3274 1267 3322 ac

159 3373 376 3454 promovent,
407 3374 538 3433 constat
562 3385 628 3432 non
654 3360 809 3449 aliunde,
838 3388 940 3461 quam
956 3388 976 3434 e
993 3348 1272 3461 protestantismo·

158 3493 273 3542 eorum
301 3471 465 3569 originem
494 3473 729 3549 arcessendam
753 3501 841 3550 esse.
863 3477 950 3550 Hinc
970 3476 1171 3551 concludere
1195 3493 1265 3552 tuto

158 3608 341 3683 possumus
366 3613 407 3661 ae
431 3588 591 3665 debemus
616 3592 802 3691 pessimum
821 3592 911 3667 bunc
928 3593 1070 3668 fructum
1086 3619 1128 3666 ex
1146 3576 1263 3668 arbore

158 3723 309 3797 pessima
335 3726 411 3796 esse
436 3721 561 3779 natum.
