2872 5062
274 355 342 408 oar.
363 359 408 412 ur.
426 357 470 413 uu
496 361 597 410 inser.
615 360 726 412 ecura.
749 360 787 410 nr
804 361 892 412 suen.
915 362 985 412 rar.
1007 364 1030 412 1.
1147 336 1216 415 tii

102 496 248 557 statuere
268 479 390 581 posse,
410 480 543 553 secluso
565 479 783 554 sacerdotalis
801 480 931 555 ordinis
950 506 1137 571 consensu,
1158 484 1217 583 qui

101 593 304 669 secularium
321 594 511 694 principum
535 593 667 690 legibus
693 594 874 668 obediendi
900 597 1135 670 necessitatem
1161 599 1218 671 ad-

101 711 176 796 dat;
201 708 302 808 quasi
326 707 418 804 leges
444 706 523 780 illae
547 733 588 781 ex
613 733 650 781 se
676 708 832 782 idoneam
857 710 926 783 vim
952 694 1124 807 obligandi
1151 737 1217 784 non

101 823 280 909 haberent,
308 809 549 896 sacerdotalem
575 821 746 909 ordinem,
777 848 837 896 seu
861 848 994 897 sacram
1020 825 1216 923 pontificum

101 937 330 1012 auctoritatem
352 957 418 1009 non
444 961 545 1035 posse
567 936 643 1009 sine
664 962 831 1010 consensu
853 937 1044 1038 principum
1075 939 1218 1039 impedi«,

101 1067 214 1126 menta
227 1050 420 1124 dirimentia
433 1065 579 1124 statuere
596 1053 686 1146 (2).»

173 1166 293 1240 Eidem
311 1165 540 1253 distinctioni,
557 1181 657 1264 atque
671 1166 706 1236 in
720 1166 875 1238 eumdem
893 1166 1014 1254 finem,
1035 1168 1122 1240 inter
1137 1193 1218 1242 con-

100 1297 240 1356 tractum
257 1297 290 1354 et
308 1295 554 1355 sacramentum
578 1281 694 1354 innixa
715 1281 812 1354 turba
841 1297 892 1355 est
917 1284 1139 1381 posteriorum
1165 1309 1218 1356 ca·

101 1397 334 1483 nonistorum,
363 1410 396 1468 et
420 1394 650 1492 theologorum
675 1395 885 1484 aulicorum,
914 1397 973 1496 qui
999 1422 1068 1471 sec.
1096 1397 1212 1470 lllllll.

87 1512 270 1586 mediante
286 1525 319 1582 ct
336 1509 381 1583 ad
398 1511 523 1583 exitum
540 1526 698 1606 vergente
716 1511 769 1583 ius
787 1537 873 1611 pene
898 1537 997 1585 omne
1017 1511 1218 1587 ecclesiasti·

102 1636 177 1700 cum
195 1627 443 1701 subverterunt.
460 1624 605 1699 lnvaluit
622 1624 706 1698 baec
723 1627 876 1700 doctrina
893 1654 934 1700 ex
947 1654 987 1700 eo
1000 1628 1216 1727 potissimum

102 1759 279 1842 tempore,
308 1768 375 1841 quo
404 1740 570 1838 legislatio
600 1742 768 1815 austriaca
791 1741 895 1815 veluti
926 1742 1131 1843 principium
1161 1769 1218 1817 as-

102 1858 264 1958 sumpsit,
293 1873 496 1931 contractum
522 1856 654 1931 civilem
680 1858 879 1931 anteriorem
898 1884 973 1932 esse
991 1876 1212 1947 sacramento,

101 1973 188 2073 quod
206 1972 301 2046 illum
319 1973 552 2072 consequitur,
569 1988 669 2073 atque
685 1973 858 2047 constituit
875 1989 1121 2048 sacramentum
1139 2001 1215 2049 cou-

103 2088 221 2162 sistere
245 2087 337 2159 baud
362 2113 482 2187 posse,
511 2087 594 2187 quin
620 2087 713 2186 prius
739 2087 990 2161 conditionibus
1012 2088 1170 2164 omnibus
1195 2115 1216 2164 a

101 2200 171 2299 lege
197 2201 332 2275 statutis
356 2216 545 2275 contractus
571 2200 746 2274 absolutus
772 2201 882 2273 luerit.
903 2201 1022 2273 Eidem
1046 2202 1214 2301 principio

102 2316 261 2390 insistens
286 2315 329 2388 de
355 2315 436 2388 reali
465 2314 680 2388 distinctione
706 2315 792 2386 inter
816 2329 1022 2387 contractum
1047 2329 1079 2387 et
1104 2339 1216 2387 sacra·

101 2446 263 2517 mentum,
292 2429 537 2527 legislationem
564 2429 766 2502 austriacam
793 2427 910 2501 bacin
929 2444 1023 2528 parte
1045 2428 1216 2528 adoptavit

99 2545 266 2644 legislatio
290 2544 411 2642 gallica
436 2546 500 2618 sub
525 2544 717 2644 Napoleone
742 2545 777 2615 in
803 2545 877 2618 eius
903 2545 1030 2618 codice.

169 2661 381 2734 llecentiores
407 2660 498 2733 baud
524 2660 621 2759 pauci
640 2686 680 2732 ex
697 2659 863 2733 eiusmodi
889 2660 1111 2760 scriptoribus
1129 2677 1211 2735 tam·

104 2802 205 2875 quam
229 2776 436 2875 exploratum
462 2776 768 2876 inconcussumque
793 2776 996 2876 principium
1015 2777 1140 2876 pariter
1156 2803 1215 2876 po

102 2907 257 2979 suerunt,
289 2893 539 2965 matrimonium
567 2918 644 2965 esse
674 2908 880 2966 contractum
908 2891 1112 2979 humanum,
1150 2919 1217 2965 me-

100 3033 203 3108 reque
223 3007 372 3094 civilem,
395 3008 499 3080 variis
522 3009 558 3079 in
576 3009 744 3080 adiunctis
770 3007 966 3094 solubilem,
995 3008 1054 3107 qui
1079 3009 1214 3107 proprie

98 3149 156 3221 per
185 3146 387 3196 consensum
415 3137 565 3194 mutuum
593 3119 860 3196 contrabentium
881 3146 992 3194 coram
1018 3123 1215 3218 magistratu

99 3235 188 3309 ciuili
216 3236 260 3309 sit
285 3263 492 3336 expressus,
523 3236 597 3335 ipso
623 3235 771 3334 parocho
804 3235 939 3309 nonnisi
968 3235 1043 3307 vice
1067 3236 1213 3310 civitatis

97 3352 276 3449 lungent03
311 3378 443 3425 sacram
471 3377 551 3425 vero
576 3350 817 3436 ceremoniam,
846 3364 883 3420 ut
907 3365 1047 3437 vocant,
1077 3377 1165 3451 quae
1195 3377 1215 3423 a

96 3468 252 3541 ministro
285 3467 447 3542 ecclesiae
481 3466 677 3565 peragitur,
715 3464 1027 3565 benedictionisque
1053 3466 1214 3566 nuptialis

96 3583 234 3656 nomine
258 3584 369 3671 veuit,
402 3583 444 3656 ad
475 3579 731 3654 matrimonialis
767 3596 955 3654 contractus
984 3581 1131 3655 valorem
1155 3582 1215 3653 mi-

95 3699 186 3771 nime
211 3699 357 3798 requiri,
379 3699 480 3771 etiam
498 3697 556 3769 ubi
576 3696 783 3796 publicatum
802 3696 901 3768 luerit
921 3697 1140 3769 tridentinum
1153 3696 1213 3769 de·

95 3831 240 3901 cretum3
271 3816 330 3888 sed
356 3832 435 3910 post
459 3813 709 3886 matrimonium
735 3812 801 3884 iam
827 3810 939 3885 valide
964 3827 1167 3885 contractum
1194 3837 1214 3881 a

95 3929 296 4027 coniugibus
322 3955 382 4027 pro
408 3928 518 4001 lubitu
543 3927 711 4014 adhiberi,
741 3942 799 3999 aut
823 3926 930 3999 omitti
957 3951 1057 4024 posse
1073 3927 1137 4020 (3).

165 4070 202 4133 (2)
217 4072 257 4119 Dc
272 4071 383 4133 reatuin
394 4071 561 4120 matrimonio
575 4071 706 4132 potestate
718 4081 757 4118 an.
771 4071 841 4120 1674.
854 4067 892 4118 ed.
906 4067 992 4117 colon.
1004 4065 1128 4127 allobrog.
1145 4068 1213 4115 titi.

95 4149 153 4200 tomi
164 4151 186 4200 1.
196 4152 256 4200 Par.
267 4151 299 4199 ΙΙ.
310 4163 364 4214 cap.
376 4153 420 4200 lv.
432 4163 459 4201 u.
472 4157 494 4200 3.
506 4163 562 4213 pag.
574 4153 620 4199 749
631 4161 701 4212 seqq.

168 4230 203 4294 (a)
219 4229 258 4280 ci.
272 4229 417 4293 Roslovany
437 4231 474 4279 Dc
494 4230 663 4292 ututrtmonto
683 4230 744 4278 tom
755 4231 802 4280 La
817 4227 840 4292 §.
851 4228 874 4279 4ss
889 4226 921 4277 ad
936 4233 971 4278 15.
985 4223 1027 4276 ubi
1044 4224 1139 4274 erudite
1156 4223 1214 4275 iste·

99 4321 150 4360 nun
166 4311 280 4362 omnium
291 4311 434 4375 singillatim
445 4309 545 4360 nomina
554 4321 586 4360 uc
597 4321 671 4373 opera
682 4311 799 4361 recenset.

1136 4418 1169 4468 ia
