2872 5062
182 391 1090 462 cantv.rrrsm.nno.·nrmu.sncn.um.11.·ona.rnoo.
1144 389 1212 459 119

108 529 215 602 dicat:
240 527 312 625 li'qo
335 527 458 624 occipio
484 538 512 596 te
536 527 572 597 in
595 535 711 596 mcum.
733 524 774 596 In
799 525 864 597 bis
875 528 960 599 enim
982 527 1115 599 oooibos
1140 554 1215 599 oon-

108 645 197 717 sistit
220 643 272 714 vis
295 649 416 739 moqno
439 655 470 713 et
493 642 734 712 matrimonium
759 642 960 715 contrahitur
977 645 1132 738 (21).»

182 757 350 831 Hactenus
374 755 509 854 quidem
535 738 639 842 ille,
630 782 665 827 ιιι
683 779 750 855 quo
768 772 878 828 tamen
896 756 1040 854 probare
1054 770 1121 830 non
1140 739 1215 856 pos

109 899 203 959 sum,
225 872 314 971 quod
340 870 463 945 tribuat
487 870 686 944 contrariam
711 871 904 969 opinionem
920 872 1133 956 scholasticis,
1155 872 1213 972 qui

106 988 218 1084 potius
244 986 387 1059 maxime
411 986 454 1058 ab
480 1011 519 1058 ea
544 985 805 1072 abhorruerunt,
825 986 906 1058 dum
923 986 1036 1060 verius
1054 1012 1128 1059 eam
1147 1003 1214 1060 tra-

105 1100 265 1174 diderunt
287 1099 432 1196 theologi
450 1099 662 1200 praesertim,
683 1099 742 1198 qui
753 1100 894 1198 positivi
908 1100 1061 1206 audiunt.
1078 1101 1213 1174 Interim

106 1241 146 1288 ex
163 1216 262 1289 dictis
280 1215 453 1290 inferimus
471 1214 594 1288 salsum
612 1240 750 1313 prorsus
768 1241 845 1287 esse
858 1215 1003 1315 q,uod
994 1216 1049 1289 isti
1066 1197 1213 1314 theologi

106 1331 315 1405 affirmarunt
339 1357 520 1430 numquam
546 1355 612 1403 non
637 1330 849 1404 existimasse
874 1329 1049 1404 ecclesiam
1075 1339 1138 1430 per
1159 1357 1215 1405 sa-

104 1445 271 1520 cerdotem
296 1445 443 1542 coniugii
468 1460 713 1519 sacramentum
738 1443 985 1532 administrari,
1014 1461 1047 1519 et
1071 1446 1211 1542 gratiam

104 1559 258 1634 conferri.
283 1561 388 1633 Immo
411 1585 490 1633 vero
516 1574 586 1634 tuto
610 1560 783 1632 adstruere
816 1585 998 1659 possumus
1028 1586 1212 1660 numquam

103 1673 297 1760 eeclesiam,
319 1672 410 1774 quod
428 1674 631 1748 contendunt
647 1672 812 1747 eiusmodi
830 1673 1028 1747 recentiores
1051 1673 1208 1772 theologi,

98 1789 325 1864 existimasse.
358 1788 455 1876 Quod
486 1816 552 1863 non
585 1789 692 1864 solum
721 1789 877 1862 evincunt
904 1789 1016 1862 omnia
1041 1815 1097 1875 ea,
1125 1817 1213 1890 quae

104 1903 267 1978 haetenus
285 1904 531 1991 enarraturum,
551 1902 611 1977 sed
629 1901 763 2003 plenius
780 1903 892 1977 adhuc
908 1903 1125 1992 ostendent,
1124 1931 1211 2005 quae

103 2017 203 2118 paulo
225 2033 304 2118 post
327 2017 447 2092 dicturi
474 2046 603 2093 sumus.

173 2133 223 2204 Nc
246 2147 357 2206 autem
382 2133 533 2208 consulto
556 2135 817 2235 praetermittere
821 2129 1024 2222 videamur,
1045 2162 1132 2236 quae
1149 2164 1209 2237 pro

99 2248 166 2323 hac
190 2248 354 2349 senentis
378 2249 413 2321 in
438 2249 585 2322 medium
610 2248 740 2350 prolata
764 2265 844 2323 sunt
864 2250 1211 2324 ex'conciliolatara-

102 2363 199 2437 nansi
218 2354 315 2437 lllh‘
331 2390 398 2463 quo
415 2364 611 2463 prohibetur
632 2365 815 2465 quominus
841 2365 998 2463 sacerdos
1018 2365 1208 2466 'quidquam

101 2478 309 2582 recipiatpro
328 2479 548 2552 benedicendis
560 2483 700 2579 nuptiis,
717 2481 863 2578 seuoliis
876 2483 1088 2554 sacramentis
1106 2483 1210 2581 conse-

98 2594 267 2669 rmdisSi
278 2594 449 2695 quidpiam
468 2595 657 2669 evincerent
673 2595 837 2670 eiusmodi
850 2595 965 2684 verba,
983 2598 1107 2696 pariter
1118 2595 1207 2672 evin-

102 2728 213 2785 cerent
230 2711 448 2810 sacramentis
465 2737 541 2785 esse
558 2711 784 2809 accensendas
801 2716 1007 2785 mortuorum
1032 2712 1204 2813 exequias,

104 2823 311 2925 sepulturas,
328 2825 460 2925 aliaque
476 2825 659 2912 eiusmodi,
680 2851 768 2924 quac
784 2825 819 2896 in
838 2825 954 2922 eodem
972 2826 1108 2900 decreto
1120 2852 1207 2900 com·

102 2943 335 3012 memorantur
349 2965 417 3012 una
441 2965 517 3012 cum
541 2938 769 3013 bencdictione
795 2939 986 3039 nuptiarum
1005 2955 1039 3012 et
1055 2941 1133 3011 eliis
1153 2966 1208 3013 so-

103 3055 286 3126 ommentis.
298 3054 417 3127 Verum
434 3069 467 3127 et
482 3053 560 3127 hoc
572 3054 826 3154 praetermisso,
847 3080 886 3127 ea
903 3053 993 3127 hoc
984 3079 1059 3153 rpso
1076 3054 1110 3125 in
1128 3079 1207 3127 con·

101 3167 178 3243 cilio
203 3184 400 3257 occurrunt,
420 3195 507 3269 quac
532 3169 741 3255 sententiam,
760 3168 806 3242 de
823 3195 890 3268 qua
907 3167 1051 3264 agimus,
1072 3169 1206 3268 penitus

100 3299 262 3358 evertunt.
273 3226 409 3359 litenirh
428 3284 491 3358 sub
508 3285 558 3357 tit
570 3285 619 3356 oe
631 3283 840 3414 sponsalibus
856 3298 886 3355 et
902 3286 1106 3391 matrimonio
1118 3311 1153 3356 ιι
1168 3288 1201 3356 8.

101 3396 185 3497 haec
207 3397 379 3496 leguntur:
403 3398 580 3486 «Quod
553 3425 582 3472 sr
608 3401 666 3500 qui
691 3414 805 3473 mutuo
831 3387 997 3473 consensu
1023 3426 1059 3473 se
1084 3401 1163 3474 ad
1153 3428 1207 3473 rn-

100 3492 206 3586 vicem
232 3514 431 3613 recoperint,
459 3514 625 3588 dicentes:
653 3515 724 3613 ligo
751 3529 779 3586 te
804 3517 839 3586 in
861 3541 983 3599 mem,
1011 3516 1150 3615 et,qu
1177 3532 1204 3588 te

101 3629 135 3699 in
159 3655 265 3702 nuum
288 3632 438 3728 recipior
453 3628 530 3703 licet
553 3630 636 3704 alter
659 3656 773 3704 eorum
798 3629 856 3703 alii
881 3646 997 3729 postea
1014 3656 1052 3704 ss
1069 3631 1205 3731 c'opula-

98 3743 203 3832 verit,
231 3743 330 3818 debet
345 3743 389 3818 ab
405 3771 444 3819 eo
460 3745 513 3819 vel
530 3745 572 3819 ab
589 3773 629 3819 ea
645 3746 812 3846 separari,
833 3745 919 3820 'licet
942 3745 1086 3845 carnalis
1112 3772 1203 3848 com-

52 3916 55 3922 .
98 3859 213 3933 mixtio
230 3859 317 3935 inter
332 3887 390 3936 sos
407 3862 506 3958 luerit
522 3861 701 3936 subsecuta
713 3861 965 3959 (annuamus
982 3865 1074 3962 patet
1088 3860 1202 3936 ¹usuum

99 3975 215 4074 perfici
234 3975 440 4050 matrimonii
457 3977 789 4053 sacramentumsolo
807 3994 921 4052 mutuo
939 3976 1202 4052 contrahentium

96 4113 267 4164 consensu
292 4089 420 4190 absque
444 4092 626 4166 sacerdotis
650 4092 891 4167 benedictione.
918 4090 988 4164 Sub
1013 4092 1062 4164 tit.
1091 4106 1200 4164 autem

124 4249 127 4253 ¹
170 4275 223 4339 (27)
237 4276 494 4341 op.eit.art.⁴³.n.o.

167 4355 220 4428 με)
238 4355 307 4420 Apud
318 4357 394 4407 Moesi
406 4358 468 4422 pert.
480 4359 523 4408 Vt.
533 4357 582 4408 col.
593 4364 646 4408 251.
