2872 5062
330 366 397 415 aar.
412 365 461 416 nr.
478 366 518 416 nr
528 350 723 418 'urrnrrronrr
740 366 851 418 urruns
867 367 958 418 uror.
972 369 1042 418 rm.
1054 369 1089 418 rr.
1194 347 1262 418 eut

158 482 356 557 colluctatur
369 483 507 556 seducta
518 483 684 572 columba,
697 511 784 585 quae
805 486 973 585 accipitris
991 485 1126 582 ungulis
1145 504 1264 562 rostro-

159 625 227 697 que
252 614 402 696 correpta
427 599 567 671 eradere
592 601 698 672 nescit
727 603 790 695 (9).Ὶ
812 601 910 686 Quod
928 603 957 674 si
975 602 1008 673 vi
1025 601 1179 689 devicta,
1207 618 1264 675 aut

158 711 335 786 blanditiis
359 714 423 787 viri
448 712 610 787 voluntati
636 715 750 801 cedat,
778 715 1014 789 conscientiam
1040 715 1167 787 tamdiu
1190 715 1264 789 rul-

160 843 256 900 nerat
283 843 383 927 atque
412 843 582 915 cruentat,
616 830 776 928 quamdiu
802 830 865 903 hoc
886 831 921 901 in
946 845 1035 903 statu
1053 845 1259 929 perseverat,

158 968 301 1042 seseque
326 943 509 1016 innumeris
535 971 638 1043 prope
655 947 799 1044 peccatis
817 964 949 1032 onerat,
971 945 1111 1044 quaein
1135 945 1259 1042 legem,

159 1082 199 1130 ao
224 1073 400 1157 propterea
424 1058 459 1129 in
485 1058 569 1155 legis
596 1059 741 1133 fautores
766 1074 798 1132 et
822 1060 1010 1133 conditores
1035 1058 1234 1131 redundant.

231 1172 367 1244 Interim
393 1171 423 1244 si
440 1172 610 1268 contingat
626 1172 751 1260 virum,
772 1188 830 1246 aut
846 1172 1018 1245 mulierem
1035 1172 1101 1245 hoc
1119 1172 1154 1243 in
1175 1186 1263 1246 statu

158 1284 341 1358 habitualis
367 1285 494 1384 peccati
520 1285 632 1358 subita
657 1301 763 1358 morte
788 1286 933 1385 corripi,
966 1286 1048 1385 quin
1078 1285 1171 1385 prius
1204 1311 1262 1359 eos

158 1398 329 1496 poeniteat
345 1397 485 1471 admissi
504 1397 661 1485 sceleris,
681 1399 765 1471 eitra
781 1398 920 1471 dubium
938 1399 973 1470 in
990 1414 1161 1472 aeternnm
1179 1399 1265 1499 peri·

157 1512 252 1586 hunt.
270 1511 367 1597 Quod
386 1512 416 1585 si
437 1512 553 1585 morho
574 1513 668 1611 prius
694 1515 809 1587 tentati
830 1514 1031 1612 pedetentim
1052 1513 1095 1586 ad
1117 1528 1263 1586 extrema

157 1627 365 1714 devenerint,
374 1626 442 1700 'nisi
457 1627 523 1726 ipsi
538 1626 750 1725 resipiscant,
761 1628 1049 1727 poenitentiaeque
1062 1628 1159 1724 signa
1171 1653 1264 1726 prae·

155 1739 276 1829 heant,
297 1766 336 1813 ao
353 1741 601 1814 matrimonium
619 1767 730 1815 coram
749 1742 895 1842 parocho
911 1742 946 1812 in
964 1742 1103 1841 privatis
1121 1741 1263 1816 aedibus

157 1855 337 1942 oelehrent,
350 1869 407 1929 aut
421 1856 589 1954 separatio
607 1856 665 1928 fiat
677 1882 698 1928 a
711 1855 797 1930 falso
810 1856 940 1943 marito,
950 1856 1004 1930 rel
1016 1882 1036 1928 a
1049 1856 1260 1945 salmurum,

157 1985 284 2044 certum
307 1986 360 2043 est
384 1969 452 2044 illis
477 1997 544 2044 non
568 1997 669 2070 posse
694 1984 903 2044 sacramenta
926 1971 1089 2044 ecelesiae
1119 1972 1264 2044 admini-

157 2082 270 2157 strari.
291 2083 377 2156 flinc
401 2109 506 2158 novae
523 2084 716 2180 angustiae,
737 2110 842 2158 novae
864 2083 1097 2170 difficultates,
1125 2110 1265 2158 novum·

157 2226 223 2300 que
247 2197 391 2273 euidens
415 2198 599 2304 perieulum
624 2214 778 2272 aeternae
802 2199 1038 2273 damnationis.

230 2315 439 2415 Quapropter
463 2314 492 2386 si
518 2314 650 2387 eveniat
673 2329 711 2387 ut
734 2314 786 2388 vel
811 2341 900 2387 unus
926 2313 1035 2388 civilis
1061 2314 1263 2388 matrimonii

156 2455 262 2504 causa
285 2444 457 2502 aeternum
481 2428 619 2500 exitium
646 2428 812 2513 incurrat,
840 2427 957 2527 ecquis
987 2453 1053 2503 non
1083 2427 1175 2502 videt
1205 2454 1263 2502 eos

156 2569 292 2631 omnes,
320 2543 379 2643 qui
404 2543 564 2641 positive,
593 2558 631 2616 ut
662 2543 797 2642 saepius
827 2543 994 2630 diximus,
1022 2543 1065 2615 ad
1096 2542 1263 2616 funestam

156 2656 325 2732 eiusmodi
350 2683 488 2731 causam
518 2657 708 2756 ponendam
740 2683 936 2730 concurrere
963 2653 1156 2743 voluemnt,
1190 2681 1264 2729 reos

159 2771 239 2845 heri
244 2771 347 2845 huius
359 2769 611 2844 damnationis?
627 2771 677 2844 Ex
695 2769 872 2871 multiplici
890 2770 992 2869 igitur
1008 2771 1117 2870 capite
1134 2785 1265 2844 constat

159 2885 252 2987 quod
275 2913 296 2960 a
319 2885 417 2959 nobis
442 2885 588 2986 positum
613 2902 681 2975 est,
711 2886 783 2958 fieri
801 2885 957 2960 uidelicet
973 2911 1047 2958 reos
1072 2884 1264 2982 gravissimi

157 3025 272 3077 eoram
294 3000 364 3074 Deo
388 2999 540 3074 criminis
566 3014 730 3100 quotquot
756 2999 938 3075 deliberato
960 2999 1072 3072 animo
1095 2997 1139 3071 ad
1155 2998 1264 3094 legem

158 3114 252 3191 illam
270 3114 542 3216 proponendam,
563 3115 737 3191 fovendam
756 3114 1029 3215 condendamque
1046 3127 1259 3187 concurrunt.
1307 3185 1310 3190 r

232 3337 268 3400 (a)
283 3336 404 3401 Equidem
417 3337 476 3388 novi
485 3336 512 3386 in
522 3335 608 3386 Galliis
621 3335 724 3400 passim,
737 3335 780 3386 ubi
792 3333 912 3386 eiusmodi
927 3347 997 3386 casus
1011 3334 1128 3386 acciderit
1143 3333 1210 3398 quod
1225 3334 1264 3384 vir

158 3417 246 3467 renuat
255 3428 282 3467 sc
291 3416 376 3467 sistere
389 3429 471 3468 coram
483 3415 590 3480 parocho
602 3414 633 3465 ad
644 3413 812 3465 renovandum
825 3427 970 3465 eonsensum
982 3417 1037 3478 post
1049 3414 1198 3465 celebratum
1208 3426 1264 3465 con·

160 3495 267 3545 tnotum
277 3506 360 3544 eoram
372 3495 440 3546 cirili
450 3495 606 3558 magistratu,
616 3493 648 3543 ab
656 3493 742 3557 aequis
752 3494 875 3545 iudicibus
886 3492 1003 3544 declarari
1019 3494 1114 3545 nullum
1127 3493 1264 3558 praebitum

158 3574 231 3625 anter
245 3587 399 3637 consensum,
409 3588 439 3626 so
449 3575 486 3626 ric
497 3574 601 3626 discindi
612 3573 795 3624 matrimonium
804 3586 864 3638 pure
873 3574 954 3625 civile.
966 3575 1010 3626 Ast
1020 3576 1188 3638 praeterquam
1198 3572 1265 3637 quod

159 3664 209 3703 non
220 3666 316 3716 seraper
332 3655 367 3705 ite
380 3655 422 3718 ot,
437 3656 499 3719 quot
513 3656 584 3705 antea
595 3650 746 3718 superandae
761 3655 819 3704 sunt
835 3653 1004 3716 difficultates,
1015 3654 1044 3703 nt
1055 3654 1116 3706 haec
1127 3653 1265 3704 obtineatur

157 3731 296 3784 munda?
