2872 5062
205 363 1143 418 cnr.rr.rmunnuac.bamasmnehem.monacos.
1191 347 1260 418 125

157 483 358 558 testantibus
374 481 542 557 obiectum
554 481 617 555 luit
629 507 694 554 non
708 481 807 556 modo
824 482 913 556 circa
929 499 1173 557 sacramentum
1190 513 1262 560 mu-

157 599 323 685 trimonii,
340 598 400 673 sed
414 597 502 671 circa
514 611 722 671 sacramenta
732 595 801 670 alia
818 623 904 695 pene
919 597 1046 685 omnia,
1062 613 1095 671 et
1107 624 1127 671 a
1138 600 1263 673 nostris

157 713 257 812 plane
273 712 431 789 solutum.
447 711 619 785 Eiusmodi
637 711 884 785 controversiae
905 710 1110 785 domesticae
1127 730 1207 787 eunt
1223 740 1263 788 ac

158 828 378 915 theoreticae,
397 853 486 927 quae
502 825 594 900 nulla
612 826 787 900 rationein
801 825 848 900 rei
861 827 1007 900 influunt
1022 826 1259 902 substantiam.

158 942 255 1017 Addo
279 968 358 1017 vero
381 942 469 1017 benc
494 941 734 1018 sententiarum
757 941 950 1016 uarietatem
968 941 1076 1039 magis
1093 941 1137 1015 de
1152 943 1265 1018 uerbis

157 1083 361 1158 essequam
385 1057 429 1132 de
453 1058 593 1152 rotet).

230 1172 303 1246 Non
335 1197 448 1246 moror
480 1197 567 1271 quae
600 1169 689 1244 idem
720 1185 837 1245 auctor
868 1172 991 1246 asserit
1014 1172 1054 1244 dc
1082 1174 1267 1246 iunioribus

161 1285 328 1384 tbeolopm,
349 1287 409 1384 qui
428 1288 651 1386 confinxerunt
674 1286 802 1358 civilem
826 1286 909 1360 hooc
935 1287 1171 1387 humorumque
1195 1315 1267 1360 coc-

161 1414 307 1475 tractum.
319 1401 446 1474 Christi
461 1401 658 1474 etcoclceioc
681 1426 749 1472 cese
771 1418 1030 1488 sacramentam,-
1050 1403 1266 1502 nequeenim

159 1513 222 1587 hoc
246 1514 404 1592 §iuniores
435 1514 627 1590 confinxere
658 1513 823 1612 theologi,
851 1515 911 1589 sed
937 1515 1026 1613 iugis
1050 1532 1084 1590 ct
1107 1532 1268 1593 constans

159 1627 320 1705 ecclesiae
331 1631 581 1705 doctrinahaec
594 1644 657 1719 est,
669 1656 771 1731 quam
785 1630 1079 1731 ipsaabhpostolo
1088 1623 1262 1732 Ephes‘ll.

159 1742 294 1832 didicit,
321 1743 570 1844 declaravitque
592 1771 686 1820 conc.
703 1745 919 1819 tridentinum
937 1744 992 1819 his
1009 1744 1109 1845 plane
1133 1745 1261 1819 uerbis:

163 1857 337 1933 «Gratiam
353 1850 455 1949 vem,
474 1886 562 1961 quac
578 1860 763 1935 naturalem
780 1861 874 1934 illum
885 1869 1039 1936 amorem
1060 1861 1171 1957 <inter
1187 1886 1267 1935 con·

160 1973 279 2071 iuges)
307 1975 500 2074 perficeret,
520 1992 554 2051 et
569 1976 838 2052 indissolubilem
854 1977 1014 2051 unitatem
1032 1978 1263 2064 confirmaret,

161 2088 388 2189 coniugesque
412 2090 657 2180 sanctificaret,
677 2091 753 2190 ipse
768 2091 924 2164 Christus
947 2090 1188 2165 uenerabilium
1212 2117 1269 2164 aa·

160 2218 402 2279 crementorum
426 2203 596 2280 institutor
612 2221 714 2305 atque
730 2205 895 2303 perfector
912 2230 975 2278 sna
992 2203 1090 2277 nobis
1108 2204 1267 2302 passione

160 2317 344 2416 promeruit
404 2319 533 2394 ‚assum
550 2320 652 2418 igitur
668 2320 915 2394 matrimonium
932 2319 967 2391 in
985 2319 1058 2416 lege
1075 2319 1267 2416 evangelica

159 2433 326 2512 roardus
338 2434 516 2510 connubiis
529 2463 590 2536 per
602 2434 771 2510 Christum
783 2436 890 2533 gratia
907 2448 1053 2536 praestet
1065 2451 1128 2507 etc.
1148 2436 1263 2529 (35).»

160 2546 250 2646 Ergo,
264 2547 336 2624 :hoc
359 2550 435 2649 ipso
459 2551 550 2651 qnod
574 2550 728 2626 Christus
752 2549 962 2624 matrimonio
985 2547 1169 2623 christiano
1194 2574 1269 2646 gra·

161 2660 238 2737 tiam
263 2664 442 2754 adiecerit,
464 2693 532 2766 qua
547 2666 706 2741 destituta
722 2664 946 2740 'hebraeorum
964 2682 1060 2739 erant
1076 2663 1263 2754 connubia,

159 2776 330 2877 multoque
353 2804 432 2853 vero
455 2780 564 2878 magis
581 2780 748 2854 connubia
764 2779 993 2866 ethnicorum,
1013 2805 1055 2852 ex
1072 2778 1267 2852 naturali-et

160 2894 299 2990 prolano
317 2919 449 2967 sacmm
466 2895 627 2984 reddidit,
644 2912 745 2996 atque
761 2895 805 2969 ad
823 2922 919 2970 suam
935 2921 1012 2969 cnm
1029 2894 1174 2969 ecclesie
1187 2920 1269 2968 con-

159 3004 361 3081 iunctionem
380 3009 587 3083 referendum
604 3008 781 3084 ordinauit.

230 3122 281 3194 Ex
297 3122 354 3197 bis
370 3125 546 3224 responsio
563 3125 663 3224 pleno
680 3125 773 3199 alveo
791 3124 867 3199 fluit
883 3124 926 3197 ad
939 3150 997 3211 ea,
1014 3149 1102 3222 quae
1114 3120 1265 3209 subiicit,

160 3259 219 3308 aen
244 3236 358 3334 potius
381 3238 526 3314 diversis
549 3239 662 3313 verbis
687 3239 807 3338 repetit
830 3238 943 3313 Canus
965 3243 1058 3338 (qno
1082 3238 1120 3309 fit
1143 3253 1180 3310 nt
1204 3262 1266 3310 nos

160 3349 290 3426 taedeat
312 3352 430 3427 eadem
454 3353 686 3452 ingeminare,
712 3380 829 3429 vemm
852 3354 897 3429 ad
922 3353 987 3428 hoc
1010 3353 1064 3428 vel
1090 3351 1186 3425 inviti
1211 3379 1269 3426 co·

159 3463 308 3561 gimnr),
323 3483 431 3566 patet,
455 3469 612 3570 inquam,
633 3471 806 3571 responsio
824 3470 866 3544 ad
884 3497 936 3557 ea,
962 3495 1051 3569 qnae
1071 3468 1209 3542 subiicit
1223 3467 1267 3542 de

149 3577 266 3672 ¹forma
279 3607 319 3655 ac
331 3584 471 3658 materia
488 3585 628 3684 prolana
645 3585 858 3684 naturalique
869 3585 905 3658 in
918 3601 1145 3671 sacramento,
1165 3609 1268 3684 qnae-

160 3720 226 3793 qne
243 3711 277 3770 et
294 3696 329 3768 in
345 3698 554 3773 ethnicorum
579 3700 722 3775 naturali
746 3700 906 3801 civilique
930 3706 1099 3774 contractu
1124 3699 1268 3798 reperie-

159 3807 267 3883 batur.
289 3812 399 3886 Eccnr
418 3814 507 3887 enim
525 3840 593 3890 non
611 3815 844 3890 animadvertit
867 3814 1069 3890 conditionis
1094 3811 1268 3885 diversita-

160 3939 244 4014 tem,
280 3931 369 4026 qune
393 3929 571 4006 intercedit
600 3931 687 4005 inter
714 3931 867 4006 ethnicos
897 3947 932 4005 et
958 3926 1184 4007 christianos?
1215 3926 1266 3999 llli

190 4143 281 4273 ”⁸83
295 4144 335 4197 ct.
348 4146 668 4204 Bellermin.1)cmatrtm.
680 4152 723 4205 ne.
732 4155 751 4204 1.
763 4165 818 4219 cup.
830 4152 1010 4205 tutabimur
1021 4151 1099 4221 ipsam
1114 4149 1189 4232 solvit
1205 4147 1268 4199 nro·

160 4235 189 4272 on
280 4261 287 4273 .
327 4272 330 4276 .

174 4311 197 4335 ²
231 4301 284 4366 (ab)
299 4306 363 4356 &aa
376 4308 461 4358 mv.
473 4321 529 4372 cap.
541 4308 561 4359 1.
