2872 5062
165 389 218 471 riv
632 389 820 440 ruomutuu.

192 594 196 599 ,
224 516 286 585 ,Ex
310 514 365 584 his
390 535 550 585 errorum
578 511 763 591 monstris,
791 532 881 605 quos
911 509 979 582 leri
1009 508 1276 582 adumbratione

163 620 425 729 descripsimus,
436 625 536 698 facile
549 637 601 697 est
616 625 811 720 intelligere
823 624 920 721 quod
935 648 1062 696 munus
1075 648 1142 721 pro
1155 626 1277 698 catho-

163 744 228 818 lica
247 743 404 816 doctrina
428 740 577 822 tuenda,
597 764 752 836 quasque
778 753 895 835 partes
921 739 1088 812 adversus
1112 738 1275 813 ecclesiae

157 863 281 955 bostes
307 855 547 955 adimplendas
574 854 676 928 nobis
702 879 776 928 esse
802 855 1018 928 duxerimus.

154 1052 169 1073 ,Ι
190 1060 205 1069 ,Ι
233 970 403 1065 Tractatio
429 972 516 1045 haec
536 985 655 1042 nostra
677 971 837 1045 universa
867 972 904 1042 in
932 984 1003 1042 tres
1030 967 1138 1042 veluti
1161 984 1276 1067 partes

162 1072 342 1180 dividitur.
368 1087 471 1160 lnitio
496 1085 542 1158 de
567 1086 672 1159 huius
697 1087 903 1170 sacramenti
929 1086 1073 1158 veritate
1102 1084 1276 1180 agendum

157 1209 248 1289 erit,
267 1216 374 1301 prout
392 1201 481 1275 illud
500 1225 519 1275 a
538 1202 675 1274 Christo
693 1203 844 1275 Domino
863 1203 1060 1273 institutum
1078 1197 1183 1272 inisse
1201 1225 1276 1274 cre-

156 1301 292 1392 dimus.
317 1319 404 1389 Tum
427 1316 473 1388 de
498 1318 658 1388 ministro
688 1314 929 1412 quaerendum
954 1317 1015 1411 qni
1043 1339 1086 1389 ex
1107 1315 1275 1389 catholica

157 1435 331 1533 sententia
350 1430 394 1505 ad
412 1430 502 1504 illud
519 1430 743 1505 efficiendum
766 1433 974 1504 constitutus
992 1455 1066 1503 esse
1083 1428 1275 1504 censendus

155 1532 219 1620 sit.
240 1547 471 1635 Ostendemus
492 1545 620 1618 deinde
643 1569 751 1619 unam
775 1544 1005 1640 eamdemque
1027 1547 1064 1616 in
1087 1547 1275 1618 christiano

163 1660 326 1765 coniugio
350 1685 426 1735 rem
447 1685 521 1734 esse
543 1646 800 1734 sacramentnm
829 1661 927 1756 quod
952 1661 993 1732 lit
1017 1673 1052 1732 et
1078 1663 1275 1757 pactionem

155 1768 320 1867 ¹ru'utuam
342 1800 432 1873 quae
458 1777 495 1848 in
519 1777 597 1872 ipso
619 1773 821 1856 intercedit;
841 1789 946 1870 atque
964 1799 1004 1847 ea
1021 1777 1132 1873 capita
1151 1800 1195 1848 ex
1211 1775 1276 1849 hac

161 1893 365 1989 quaestione
377 1891 643 1974 concludemus,
658 1890 787 1988 quibus
799 1893 1063 1963 matrimonium
1076 1893 1177 1964 civile
1190 1916 1275 1989 qua·

156 2012 215 2099 ¹uis
238 2008 381 2082 demum
413 2007 478 2080 sub
512 2009 624 2104 specie
653 2008 874 2106 propositum
900 2009 1039 2103 penitus
1063 2008 1271 2081 reiiciamus.

155 2120 282 2211 ,Altera
306 2146 387 2219 pars
409 2145 450 2195 ea
472 2124 590 2195 omnia
616 2122 885 2218 complectetur,
909 2144 1000 2217 quae
1024 2121 1069 2193 ad
1095 2121 1276 2217 legiferam

154 2226 227 2310 'liae
251 2238 288 2309 in
314 2261 353 2308 re
377 2236 541 2311 ecclesiae
563 2249 771 2332 potestatem
794 2237 995 2333 pertinent;
1015 2260 1087 2331 quo
1108 2239 1186 2309 iure
1211 2240 1274 2309 im-

162 2346 359 2451 pedimenta
378 2354 550 2449 quaedam
569 2376 660 2451 quae
676 2355 938 2425 matrimonium
964 2355 1102 2424 irritum
1124 2351 1272 2435 faciant,

149 2452 365 2555 ¹constituat,
385 2490 455 2563 qua
474 2470 677 2539 auctoritate
691 2468 810 2549 tollat,
826 2464 1100 2563 disputabimus,
1122 2492 1274 2541 necnon

101 2572 106 2584 ⁶
156 2568 250 2679 ‘quas
273 2583 339 2657 sibi
361 2596 478 2680 partes
503 2585 588 2654 iuris
614 2580 767 2654 tribuere
785 2568 895 2678 possit
905 2582 971 2653 hac
982 2584 1019 2653 in
1033 2608 1072 2656 re
1086 2584 1197 2656 civilis
1210 2609 1276 2682 po·

162 2710 289 2780 testas,
323 2697 458 2792 aliaque
482 2696 518 2768 id
545 2720 654 2792 genus
681 2698 911 2791 attingemus,
937 2720 1027 2794 quae
1055 2697 1099 2768 ad
1122 2697 1190 2770 hoc
1217 2723 1274 2770 ar-

150 2798 367 2911 ''g-ramentum
384 2814 535 2884 maxime
556 2812 768 2884 referuntur.
789 2812 903 2885 Tertia
925 2812 1067 2885 tandem
1086 2818 1167 2909 pars
1185 2817 1274 2901 circa

162 2918 410 3025 proprietates,
432 2951 521 3023 quae
544 2929 805 3000 matrimonium
828 2942 950 3002 natura
968 2954 1080 3001 unum
1098 2943 1202 3024 atque
1218 2933 1274 3003 in-

148 3026 368 3117 dissolubile
394 3042 552 3116 efficiunt
577 3058 650 3117 tota
673 3044 889 3117 versabitur:
914 3068 986 3139 quo
1004 3047 1047 3116 iu
1073 3045 1154 3117 loco
1179 3060 1274 3141 post-

162 3181 268 3253 quam
294 3182 334 3231 ea
358 3161 477 3230 omnia
502 3181 668 3230 errorum
699 3171 855 3231 monstra
886 3161 1160 3232 recensuerimus
1185 3181 1275 3254 quae

162 3270 263 3371 lapsu
287 3288 486 3369 temporum
505 3274 571 3347 alia
589 3297 632 3345 ex
647 3272 723 3346 aliis
743 3274 787 3347 ad
806 3274 1111 3347 conscelerandam
1136 3272 1273 3348 divinae
1333 3294 1335 3299 ·

161 3388 265 3460 huius
289 3388 515 3459 institutionis
539 3390 754 3460 sanctitatem
780 3389 1007 3485 prodierunt,
1025 3390 1272 3483 'quaestionem

162 3504 260 3576 illam
286 3503 374 3576 adeo
395 3505 600 3600 exagitatam
619 3503 664 3576 de
682 3507 896 3578 matrimonii
920 3504 1149 3576 dissolutione
1172 3504 1273 3577 adul-

146 3621 240 3717 terii
268 3643 386 3692 caussa
411 3620 684 3715 aggrediemur,
717 3644 863 3715 eamque
896 3620 994 3716 quod
1020 3620 1065 3691 ad
1096 3643 1273 3711 sacrarum

147 3736 357 3807 'litterarum
380 3739 577 3833 testimonia
595 3744 745 3835 spectat,
766 3736 811 3808 ad
828 3736 1091 3807 ecclesiasticam
1113 3735 1272 3808 traditio-

162 3875 267 3947 nem,
295 3866 330 3931 et
357 3850 401 3923 ad
429 3854 604 3924 rationum
633 3866 812 3924 momenta
843 3875 911 3946 qua
938 3852 1088 3935 manime
1109 3849 1184 3934 fieri
1206 3876 1272 3948 po-

162 3950 242 4064 lerit
264 3948 503 4063 disquisitione
523 3964 751 4039 versabimus.

145 4080 153 4175 1
174 4084 178 4091 '
224 4074 329 4155 'Haec
346 4078 453 4157 habui
471 4105 561 4179 quae
582 4080 682 4187 brevi
699 4104 861 4154 sermone
878 4078 1165 4178 perstringerem,
1184 4096 1222 4153 nt
1235 4084 1271 4154 in

145 4184 349 4293 'conspectu
371 4220 538 4295 ponerem
551 4200 748 4291 universam
766 4198 882 4293 operis
893 4198 1130 4295 partitionem.
1143 4196 1272 4280 Quem-

64 4351 66 4354 ·
162 4310 353 4409 admodum
380 4338 464 4386 vero
489 4315 659 4411 partium,
677 4302 725 4385 ita
744 4315 897 4410 par'erit
921 4315 1139 4411 singulorum
1159 4311 1271 4386 libro·
