2872 5062
261 391 331 442 cur.
344 391 388 441 rv.
402 389 441 440 nr
459 389 577 442 saona.
596 390 654 441 rao
672 391 750 443 cnon
768 391 807 441 nn
825 390 920 443 aava.
933 392 996 444 civ.
1010 394 1081 444 aar.
1098 397 1120 446 1.
1202 376 1271 447 337

161 535 272 610 usque
285 536 347 584 nos
360 511 392 583 ei
407 510 633 612 sinceritatem
656 511 746 584 hanc
766 512 900 585 crimini
927 513 1115 600 vertimus,
1144 541 1274 617 nosque

160 651 237 700 oum
251 624 310 697 illo
323 625 466 698 latemur
482 625 728 722 legislationem
748 626 948 700 catholicam
968 653 1044 701 cum
1066 628 1125 702 tali
1151 632 1274 731 spiritu

160 740 252 814 nullo
277 741 379 814 modo
403 766 505 838 posse
531 742 729 814 consistere.

231 856 293 930 Ast
316 856 394 955 quis
421 857 512 928 hunc
537 857 672 929 induxit
687 857 870 955 spiritum,
892 859 968 957 quis
987 875 1173 956 promovet,
1195 862 1272 960 quis

159 971 301 1044 dilatare
314 971 424 1044 modis
437 972 594 1045 omnibus
608 971 812 1046 connititur?
822 973 849 1042 li
863 974 943 1071 ipsi,
959 975 1018 1073 qui
1031 1000 1151 1048 novam
1165 975 1272 1073 legem

159 1103 362 1186 proponunt.
380 1087 422 1158 lli
442 1104 520 1160 sunt
532 1078 618 1186 ,mai
636 1113 699 1161 ova
715 1087 875 1174 fundunt,
891 1090 949 1188 qui
962 1089 1136 1177 calovent,
1157 1117 1197 1164 ac
1213 1093 1273 1166 de-

159 1227 252 1274 mum
273 1201 467 1275 excludunt.

232 1317 379 1417 Spiritus
404 1318 634 1416 exquisitioris
652 1319 771 1391 aetatis
789 1336 842 1391 est
858 1320 1034 1405 relativus,
1055 1337 1180 1394 etcum
1197 1325 1273 1421 opi-

159 1431 261 1504 nione
285 1432 420 1532 publica
440 1434 644 1506 immutatur.
667 1433 762 1506 Alius
780 1434 843 1507 luit
859 1434 915 1507 hic
933 1436 1073 1534 spiritus
1094 1452 1203 1510 aetate
1224 1464 1272 1513 ra·

158 1545 315 1620 bellionis
343 1548 483 1645 gallicae
508 1548 572 1621 sub
595 1549 702 1648 elapsi
730 1549 855 1623 saeculi
880 1550 1026 1638 exitum3
1051 1551 1138 1625 alius
1164 1553 1273 1626 extitit

160 1661 225 1734 sub
250 1653 510 1750 restauratione,
532 1683 641 1762 ¹quam
665 1679 810 1750 vocant;
839 1664 926 1738 alius
952 1666 1087 1737 demum
1112 1665 1176 1738 sub
1202 1693 1272 1740 me-

161 1776 256 1850 dium
281 1779 472 1878 praesentis·
492 1777 631 1851 saeculi.
660 1779 828 1877 Spiritus,
856 1780 914 1878 qui
939 1779 1048 1876 viguit
1068 1779 1201 1852 labente
1218 1807 1272 1854 su·

161 1891 285 1989 periori
310 1890 469 1978 saeculo,
498 1907 569 1964 crat
592 1892 854 1967 voltaeriauismi
881 1893 1020 1992 spiritus
1043 1909 1077 1966 et
1092 1893 1268 1982 atheismi;

160 2006 225 2079 sub
239 2008 487 2081 restauratione
499 2007 562 2079 luit
579 2005 907 2094 semi-christianus3
924 2007 1005 2081 huic
1022 2011 1186 2083 successit
1200 2010 1271 2109 spi-

157 2123 243 2195 ritus
267 2123 531 2220 protestantismi
559 2123 725 2219 negativi,
754 2149 814 2195 sau
841 2123 1075 2196 rationalismi.
1106 2124 1271 2210 Quocirca

158 2237 189 2310 si
213 2236 267 2309 lex
292 2239 535 2311 accommodari
557 2238 657 2310 debet
678 2239 810 2337 spiritui
832 2234 1000 2337 politioris
1025 2240 1123 2326 aevi,
1150 2256 1189 2312 ut
1212 2240 1270 2313 isti

157 2352 387 2439 contendunt,
419 2380 521 2452 quem
547 2353 811 2426 turbulentorum
836 2353 1012 2426 bominum
1037 2355 1152 2453 opinio
1173 2381 1270 2454 prae-

156 2466 275 2540 valens
306 2468 447 2566 ingerit,
476 2494 517 2542 ea
545 2469 674 2542 debuit·
688 2489 765 2542 esse
789 2469 890 2541 atbea
914 2469 950 2541 in
981 2471 1110 2570 epocha
1133 2471 1267 2569 prima,

158 2584 454 2659 semi-christiana
473 2585 508 2657 in
529 2584 633 2658 altera
645 2643 659 2672 ,
669 2603 770 2684 prout
787 2611 876 2658 nunc
897 2586 1056 2686 temporis
1075 2586 1175 2660 debet
1193 2612 1271 2661 esse

158 2702 432 2798 pmtostantismo
457 2703 613 2800 negativo
632 2702 821 2775 informata-2
837 2703 920 2775 ¹‘Huc
945 2703 1105 2775 nimirum
1129 2703 1271 2777 tendunt

160 2817 344 2913 generatim
368 2819 503 2891 comitia
522 2819 702 2918 subalpina
719 2833 753 2890 et
768 2808 896 2916 aliquot
912 2818 1064 2914 gubernii
1087 2819 1179 2893 illius
1198 2845 1271 2892 mo·

160 2931 343 3006 deratores.
366 2934 462 3019 Quod
488 2935 517 3007 si
544 2934 789 3034 praevaluerint
818 2934 963 3007 decursu
987 2935 1147 3033 temporis
1180 2960 1270 3008 mor-

160 3048 364 3136 mouismus,
392 3051 657 3122 communismus
678 3075 719 3122 ac
744 3049 974 3134 socialismus,
996 3064 1033 3121 ut
1051 3048 1104 3120 lex
1125 3050 1169 3121 sit
1188 3049 1269 3121 huic

158 3164 296 3259 spiritui
322 3164 599 3250 accommodata,
633 3163 769 3236 debebit
799 3164 1000 3262 patrocinari
1026 3163 1266 3262 polygamiae,

159 3277 263 3352 immo
280 3304 359 3352 vero
376 3294 409 3352 et
425 3280 653 3353 communitati
671 3305 811 3353 uxorum
825 3280 868 3352 ad
883 3276 1035 3352 normam
1048 3280 1266 3379 reipublicae,

159 3417 262 3491 quam
282 3393 375 3466 Plato
394 3394 572 3468 somniavit
594 3397 659 3488 (l),
675 3410 708 3467 et
725 3394 771 3466 ita
788 3420 898 3495 porro.
916 3393 1007 3468 Talis
1029 3409 1082 3467 ost
1103 3395 1269 3495 sapientia

160 3508 397 3583 nonnullorum
422 3511 632 3585 conditorum
658 3510 743 3607 legis
769 3511 804 3582 iu
831 3509 1032 3609 subalpinis

228 3719 263 3784 (4)
276 3723 340 3771 Sane
354 3722 424 3772 Plato
440 3722 483 3771 lib.
496 3727 526 3772 V.
539 3727 577 3773 De
594 3724 695 3786 republ.
708 3723 750 3772 ubi
760 3737 790 3773 ea
802 3723 911 3786 professo
925 3725 972 3773 boc
990 3723 1022 3772 de
1041 3723 1184 3784 argumento
1202 3722 1267 3784 agit,

159 3801 228 3864 prius
240 3802 326 3851 statuit
340 3802 450 3865 generale
461 3804 607 3867 principium
619 3817 675 3867 pag.
686 3805 851 3854 tls.«0muia
862 3804 1063 3854 communicasse
1073 3804 1137 3853 inter
1150 3802 1267 3862 amieos»

158 3879 226 3943 qaod
235 3879 326 3932 delude
333 3883 461 3944 paullatim
472 3883 578 3945 evolvit,
591 3884 649 3933 binc
657 3884 785 3933 constituit
794 3896 850 3946 pag.
861 3888 916 3933 452.

228 3961 327 4011 «Veluti
336 3963 403 4025 gregi
411 3963 524 4013 cumolos
533 3966 606 4026 atque
613 3964 772 4026 pastores,ita
780 3963 846 4012 viros
853 3964 998 4014 mulieribus
1007 3961 1267 4026 praeficerepdemum

158 4054 215 4105 pag.
225 4045 280 4093 457,
292 4043 391 4092 schema
408 4044 456 4093 hoc
474 4043 534 4106 legis
551 4044 679 4106 proponit:
693 4044 808 4092 «Horum
827 4043 937 4093 virorum
953 4055 1041 4092 uxores
1058 4053 1142 4090 omnes
1158 4039 1268 4088 omniurn

156 4134 301 4172 communes
316 4125 404 4184 sunto,
426 4124 545 4186 nulloque
564 4123 679 4187 privatim
694 4124 740 4172 ulli
758 4122 929 4173 consuescitor.
941 4125 1089 4172 communes
1104 4133 1178 4183 porro
1198 4118 1270 4169 liberi

156 4203 333 4267 tantamque
348 4206 417 4269 pater
432 4204 527 4266 filium,
540 4217 619 4266 neque
629 4203 695 4253 tilios
704 4204 798 4266 patrem
806 4203 944 4266 agnoscito3
952 4221 963 4245 »
971 4204 996 4251 et
1007 4201 1094 4250 lterum
1106 4198 1189 4262 perillo
1200 4199 1266 4260 post:

159 4301 172 4325 ι
183 4283 334 4332 communes
353 4297 406 4333 asse
428 4295 530 4345 uxores,
548 4295 739 4345 communesque
758 4283 860 4333 liberos:
882 4282 903 4332 si
922 4280 997 4330 mono
1017 4280 1070 4328 lieri
1091 4278 1169 4341 possit
1180 4279 1270 4340 ptum

156 4373 212 4426 pag.
224 4366 281 4415 tto.
293 4382 306 4407 α
316 4363 382 4420 Quin
392 4365 417 4414 el
427 4363 508 4414 laxior
516 4362 679 4413 condonanda
688 4364 726 4412 ost
735 4375 794 4412 cam
804 4359 948 4412 mulieribus
956 4357 1129 4424 congrediendi
1139 4358 1267 4422 licentiap

1187 4464 1221 4515 22
