<?xml version="1.0" encoding="UTF-8"?>
<!DOCTYPE html PUBLIC "-//W3C//DTD XHTML 1.0 Transitional//EN"
    "http://www.w3.org/TR/xhtml1/DTD/xhtml1-transitional.dtd">
<html xmlns="http://www.w3.org/1999/xhtml" xml:lang="en" lang="en">
 <head>
  <title>
</title>
<meta http-equiv="Content-Type" content="text/html;charset=utf-8" />
  <meta name='ocr-system' content='tesseract 3.04.00' />
  <meta name='ocr-capabilities' content='ocr_page ocr_carea ocr_par ocr_line ocrx_word'/>
</head>
<body>
  <div class='ocr_page' id='page_1' title='image "./dematrimoniochr00perrgoog_0266.png"; bbox 0 0 2872 5062; ppageno 0'>
   <div class='ocr_carea' id='block_1_1' title="bbox 346 366 1266 458">
    <p class='ocr_par' dir='ltr' id='par_1_1' title="bbox 346 366 1266 458">
     <span class='ocr_line' id='line_1_1' title="bbox 346 366 1266 458; baseline 0.008 -31"><span class='ocrx_word' id='word_1_1' title='bbox 346 380 414 428; x_wconf 74' lang='lat' dir='ltr'><strong>car.</strong></span> <span class='ocrx_word' id='word_1_2' title='bbox 428 381 451 427; x_wconf 89' lang='lat'><strong>1.</strong></span> <span class='ocrx_word' id='word_1_3' title='bbox 469 381 508 428; x_wconf 86' lang='lat' dir='ltr'><strong>nc</strong></span> <span class='ocrx_word' id='word_1_4' title='bbox 527 380 657 430; x_wconf 77' lang='lat' dir='ltr'><strong>uarum.</strong></span> <span class='ocrx_word' id='word_1_5' title='bbox 679 382 790 458; x_wconf 82' lang='lat' dir='ltr'><strong>uuus</strong></span> <span class='ocrx_word' id='word_1_6' title='bbox 811 383 944 430; x_wconf 69' lang='lat' dir='ltr'><strong>urruns.</strong></span> <span class='ocrx_word' id='word_1_7' title='bbox 967 385 1036 431; x_wconf 83' lang='lat' dir='ltr'><strong>mr.</strong></span> <span class='ocrx_word' id='word_1_8' title='bbox 1054 387 1084 432; x_wconf 83' lang='lat' dir='ltr'><strong>r.</strong></span> <span class='ocrx_word' id='word_1_9' title='bbox 1199 366 1266 434; x_wconf 74' lang='lat' dir='ltr'><strong>cst</strong></span> 
     </span>
    </p>
   </div>
   <div class='ocr_carea' id='block_1_2' title="bbox 116 487 1323 2320">
    <p class='ocr_par' dir='ltr' id='par_1_2' title="bbox 116 487 1323 2320">
     <span class='ocr_line' id='line_1_2' title="bbox 160 487 1268 602; baseline 0.009 -37"><span class='ocrx_word' id='word_1_10' title='bbox 160 495 202 566; x_wconf 92' lang='lat' dir='ltr'><strong>de</strong></span> <span class='ocrx_word' id='word_1_11' title='bbox 215 487 352 592; x_wconf 89' lang='lat' dir='ltr'><strong>optimis</strong></span> <span class='ocrx_word' id='word_1_12' title='bbox 367 494 597 593; x_wconf 90' lang='lat' dir='ltr'><strong>principibus,</strong></span> <span class='ocrx_word' id='word_1_13' title='bbox 617 522 731 568; x_wconf 87' lang='lat' dir='ltr'><strong>verum</strong></span> <span class='ocrx_word' id='word_1_14' title='bbox 750 499 850 569; x_wconf 91' lang='lat' dir='ltr'><strong>etiam</strong></span> <span class='ocrx_word' id='word_1_15' title='bbox 867 497 909 569; x_wconf 91' lang='lat' dir='ltr'><strong>de</strong></span> <span class='ocrx_word' id='word_1_16' title='bbox 926 497 1043 585; x_wconf 85' lang='lat' dir='ltr'><strong>malis,</strong></span> <span class='ocrx_word' id='word_1_17' title='bbox 1063 499 1143 571; x_wconf 92' lang='lat' dir='ltr'><strong>dum</strong></span> <span class='ocrx_word' id='word_1_18' title='bbox 1160 527 1268 602; x_wconf 86' lang='lat' dir='ltr'><strong>aequa</strong></span> 
     </span>
     <span class='ocr_line' id='line_1_3' title="bbox 161 608 1267 712; baseline 0.005 -30"><span class='ocrx_word' id='word_1_19' title='bbox 161 608 363 708; x_wconf 88' lang='lat' dir='ltr'><strong>postulant;</strong></span> <span class='ocrx_word' id='word_1_20' title='bbox 400 608 518 681; x_wconf 85' lang='lat' dir='ltr'><strong>scribit</strong></span> <span class='ocrx_word' id='word_1_21' title='bbox 551 610 639 681; x_wconf 91' lang='lat' dir='ltr'><strong>enim</strong></span> <span class='ocrx_word' id='word_1_22' title='bbox 674 610 901 708; x_wconf 84' lang='lat' dir='ltr'><strong>apostolorum</strong></span> <span class='ocrx_word' id='word_1_23' title='bbox 936 614 1092 712; x_wconf 89' lang='lat' dir='ltr'><strong>princeps</strong></span> <span class='ocrx_word' id='word_1_24' title='bbox 1126 617 1267 689; x_wconf 88' lang='lat' dir='ltr'><strong>Petrus:</strong></span> 
     </span>
     <span class='ocr_line' id='line_1_4' title="bbox 164 723 1268 804; baseline 0.01 -11"><span class='ocrx_word' id='word_1_25' title='bbox 164 723 327 795; x_wconf 79' lang='lat' dir='ltr'><strong>«Subditi</strong></span> <span class='ocrx_word' id='word_1_26' title='bbox 345 739 450 796; x_wconf 87' lang='lat' dir='ltr'><strong>estote</strong></span> <span class='ocrx_word' id='word_1_27' title='bbox 466 725 501 794; x_wconf 95' lang='lat' dir='ltr'><strong>in</strong></span> <span class='ocrx_word' id='word_1_28' title='bbox 519 727 610 797; x_wconf 91' lang='lat' dir='ltr'><strong>omni</strong></span> <span class='ocrx_word' id='word_1_29' title='bbox 632 726 751 797; x_wconf 89' lang='lat' dir='ltr'><strong>timore</strong></span> <span class='ocrx_word' id='word_1_30' title='bbox 771 727 917 798; x_wconf 90' lang='lat' dir='ltr'><strong>dominis</strong></span> <span class='ocrx_word' id='word_1_31' title='bbox 935 753 1000 800; x_wconf 90' lang='lat' dir='ltr'><strong>non</strong></span> <span class='ocrx_word' id='word_1_32' title='bbox 1018 744 1146 800; x_wconf 91' lang='lat' dir='ltr'><strong>tantum</strong></span> <span class='ocrx_word' id='word_1_33' title='bbox 1170 730 1268 804; x_wconf 89' lang='lat' dir='ltr'><strong>bonis</strong></span> 
     </span>
     <span class='ocr_line' id='line_1_5' title="bbox 162 837 1269 938; baseline 0.005 -27"><span class='ocrx_word' id='word_1_34' title='bbox 162 854 196 911; x_wconf 84' lang='lat' dir='ltr'><strong>et</strong></span> <span class='ocrx_word' id='word_1_35' title='bbox 219 837 398 923; x_wconf 89' lang='lat' dir='ltr'><strong>modestis,</strong></span> <span class='ocrx_word' id='word_1_36' title='bbox 432 837 491 909; x_wconf 89' lang='lat' dir='ltr'><strong>sed</strong></span> <span class='ocrx_word' id='word_1_37' title='bbox 516 838 615 910; x_wconf 85' lang='lat' dir='ltr'><strong>etiam</strong></span> <span class='ocrx_word' id='word_1_38' title='bbox 640 838 788 938; x_wconf 76' lang='lat' dir='ltr'>dyscolis</span> <span class='ocrx_word' id='word_1_39' title='bbox 818 841 930 934; x_wconf 46' lang='lat' dir='ltr'><strong>(tipo</strong></span> <span class='ocrx_word' id='word_1_40' title='bbox 955 842 1013 938; x_wconf 94' lang='lat' dir='ltr'><strong>qui</strong></span> <span class='ocrx_word' id='word_1_41' title='bbox 1038 842 1171 914; x_wconf 92' lang='lat' dir='ltr'><strong>demum</strong></span> <span class='ocrx_word' id='word_1_42' title='bbox 1196 846 1269 916; x_wconf 90' lang='lat' dir='ltr'><strong>uni·</strong></span> 
     </span>
     <span class='ocr_line' id='line_1_6' title="bbox 159 953 1264 1052; baseline 0 -24"><span class='ocrx_word' id='word_1_43' title='bbox 159 953 282 1028; x_wconf 88' lang='lat' dir='ltr'><strong>versim</strong></span> <span class='ocrx_word' id='word_1_44' title='bbox 300 953 479 1052; x_wconf 82' lang='lat' dir='ltr'>praecipit:</span> <span class='ocrx_word' id='word_1_45' title='bbox 494 953 621 1025; x_wconf 88' lang='lat' dir='ltr'><strong>«Deum</strong></span> <span class='ocrx_word' id='word_1_46' title='bbox 639 953 770 1041; x_wconf 90' lang='lat' dir='ltr'><strong>timete,</strong></span> <span class='ocrx_word' id='word_1_47' title='bbox 792 977 909 1050; x_wconf 81' lang='lat' dir='ltr'><strong>regem·</strong></span> <span class='ocrx_word' id='word_1_48' title='bbox 920 954 1136 1030; x_wconf 84' lang='lat' dir='ltr'><strong>honorificate</strong></span> <span class='ocrx_word' id='word_1_49' title='bbox 1152 960 1264 1052; x_wconf 71' lang='grc'>(48).»</span> 
     </span>
     <span class='ocr_line' id='line_1_7' title="bbox 116 1067 1269 1165; baseline 0.003 -24"><span class='ocrx_word' id='word_1_50' title='bbox 116 1137 118 1141; x_wconf 87' lang='grc'><em>,</em></span> <span class='ocrx_word' id='word_1_51' title='bbox 159 1071 202 1142; x_wconf 78' lang='lat' dir='ltr'><strong>lit</strong></span> <span class='ocrx_word' id='word_1_52' title='bbox 223 1068 307 1140; x_wconf 90' lang='lat' dir='ltr'><strong>haec</strong></span> <span class='ocrx_word' id='word_1_53' title='bbox 331 1067 527 1165; x_wconf 82' lang='lat' dir='ltr'><strong>speciminis</strong></span> <span class='ocrx_word' id='word_1_54' title='bbox 545 1069 654 1164; x_wconf 82' lang='lat' dir='ltr'><strong>gratia</strong></span> <span class='ocrx_word' id='word_1_55' title='bbox 669 1069 794 1143; x_wconf 86' lang='lat' dir='ltr'><strong>biblica</strong></span> <span class='ocrx_word' id='word_1_56' title='bbox 821 1070 907 1143; x_wconf 87' lang='lat' dir='ltr'><strong>hanc</strong></span> <span class='ocrx_word' id='word_1_57' title='bbox 925 1069 959 1140; x_wconf 90' lang='lat' dir='ltr'><strong>in</strong></span> <span class='ocrx_word' id='word_1_58' title='bbox 977 1096 1046 1142; x_wconf 87' lang='lat' dir='ltr'><strong>rem</strong></span> <span class='ocrx_word' id='word_1_59' title='bbox 1071 1071 1269 1146; x_wconf 91' lang='lat' dir='ltr'><strong>documenta</strong></span> 
     </span>
     <span class='ocr_line' id='line_1_8' title="bbox 159 1183 1268 1290; baseline 0.002 -32"><span class='ocrx_word' id='word_1_60' title='bbox 159 1184 313 1258; x_wconf 86' lang='lat' dir='ltr'><strong>attulisse</strong></span> <span class='ocrx_word' id='word_1_61' title='bbox 338 1183 486 1257; x_wconf 85' lang='lat' dir='ltr'><strong>sufficiat</strong></span> <span class='ocrx_word' id='word_1_62' title='bbox 512 1185 601 1277; x_wconf 70' lang='lat'><strong>(49),</strong></span> <span class='ocrx_word' id='word_1_63' title='bbox 629 1185 815 1282; x_wconf 83' lang='lat' dir='ltr'><strong>exquibus</strong></span> <span class='ocrx_word' id='word_1_64' title='bbox 841 1199 931 1284; x_wconf 88' lang='lat' dir='ltr'><strong>patet</strong></span> <span class='ocrx_word' id='word_1_65' title='bbox 954 1184 1047 1256; x_wconf 81' lang='lat' dir='ltr'><strong>iuxta</strong></span> <span class='ocrx_word' id='word_1_66' title='bbox 1075 1185 1268 1290; x_wconf 80' lang='lat' dir='ltr'><strong>religionem</strong></span> 
     </span>
     <span class='ocr_line' id='line_1_9' title="bbox 160 1298 1270 1400; baseline 0.004 -29"><span class='ocrx_word' id='word_1_67' title='bbox 160 1299 379 1372; x_wconf 80' lang='lat' dir='ltr'><strong>christianam</strong></span> <span class='ocrx_word' id='word_1_68' title='bbox 406 1298 535 1397; x_wconf 89' lang='lat' dir='ltr'><strong>aliquid</strong></span> <span class='ocrx_word' id='word_1_69' title='bbox 561 1298 710 1396; x_wconf 77' lang='lat' dir='ltr'><strong>religiosi</strong></span> <span class='ocrx_word' id='word_1_70' title='bbox 733 1327 772 1372; x_wconf 90' lang='lat' dir='ltr'><strong>ac</strong></span> <span class='ocrx_word' id='word_1_71' title='bbox 793 1300 880 1373; x_wconf 89' lang='lat' dir='ltr'><strong>sacri</strong></span> <span class='ocrx_word' id='word_1_72' title='bbox 906 1302 1020 1373; x_wconf 88' lang='lat' dir='ltr'><strong>inesse</strong></span> <span class='ocrx_word' id='word_1_73' title='bbox 1044 1300 1207 1400; x_wconf 89' lang='lat' dir='ltr'><strong>obsequio</strong></span> <span class='ocrx_word' id='word_1_74' title='bbox 1230 1329 1270 1376; x_wconf 87' lang='lat' dir='ltr'><strong>ac</strong></span> 
     </span>
     <span class='ocr_line' id='line_1_10' title="bbox 161 1412 1293 1513; baseline 0.004 -28"><span class='ocrx_word' id='word_1_75' title='bbox 161 1414 384 1500; x_wconf 77' lang='lat' dir='ltr'><strong>reverentiae,</strong></span> <span class='ocrx_word' id='word_1_76' title='bbox 412 1440 499 1513; x_wconf 88' lang='lat' dir='ltr'><strong>quae</strong></span> <span class='ocrx_word' id='word_1_77' title='bbox 524 1412 733 1512; x_wconf 90' lang='lat' dir='ltr'><strong>principibus</strong></span> <span class='ocrx_word' id='word_1_78' title='bbox 759 1441 798 1487; x_wconf 89' lang='lat' dir='ltr'><strong>ac</strong></span> <span class='ocrx_word' id='word_1_79' title='bbox 824 1415 1075 1511; x_wconf 80' lang='lat' dir='ltr'><strong>magistratibus</strong></span> <span class='ocrx_word' id='word_1_80' title='bbox 1101 1415 1266 1503; x_wconf 86' lang='lat' dir='ltr'><strong>debetur,</strong></span> <span class='ocrx_word' id='word_1_81' title='bbox 1284 1464 1293 1475; x_wconf 83' lang='lat'><strong>·-</strong></span> 
     </span>
     <span class='ocr_line' id='line_1_11' title="bbox 160 1529 1268 1629; baseline 0.004 -30"><span class='ocrx_word' id='word_1_82' title='bbox 160 1544 260 1626; x_wconf 88' lang='lat' dir='ltr'><strong>atque</strong></span> <span class='ocrx_word' id='word_1_83' title='bbox 289 1530 350 1601; x_wconf 87' lang='lat' dir='ltr'><strong>Dei</strong></span> <span class='ocrx_word' id='word_1_84' title='bbox 383 1545 416 1601; x_wconf 86' lang='lat' dir='ltr'><strong>et</strong></span> <span class='ocrx_word' id='word_1_85' title='bbox 445 1531 634 1629; x_wconf 85' lang='lat' dir='ltr'><strong>principum</strong></span> <span class='ocrx_word' id='word_1_86' title='bbox 668 1529 864 1602; x_wconf 77' lang='lat' dir='ltr'><strong>famulatum</strong></span> <span class='ocrx_word' id='word_1_87' title='bbox 898 1530 932 1600; x_wconf 91' lang='lat' dir='ltr'><strong>in</strong></span> <span class='ocrx_word' id='word_1_88' title='bbox 961 1530 1141 1628; x_wconf 89' lang='lat' dir='ltr'><strong>Scripturis</strong></span> <span class='ocrx_word' id='word_1_89' title='bbox 1168 1531 1268 1604; x_wconf 86' lang='lat' dir='ltr'><strong>simul</strong></span> 
     </span>
     <span class='ocr_line' id='line_1_12' title="bbox 159 1643 1269 1745; baseline 0.003 -29"><span class='ocrx_word' id='word_1_90' title='bbox 159 1643 329 1740; x_wconf 75' lang='lat' dir='ltr'><strong>coniungi.</strong></span> <span class='ocrx_word' id='word_1_91' title='bbox 352 1644 445 1729; x_wconf 83' lang='lat' dir='ltr'><strong>Quae</strong></span> <span class='ocrx_word' id='word_1_92' title='bbox 468 1645 605 1744; x_wconf 90' lang='lat' dir='ltr'><strong>quidem</strong></span> <span class='ocrx_word' id='word_1_93' title='bbox 626 1645 846 1731; x_wconf 76' lang='lat' dir='ltr'><strong>documenta,</strong></span> <span class='ocrx_word' id='word_1_94' title='bbox 867 1645 898 1716; x_wconf 90' lang='lat' dir='ltr'><strong>si</strong></span> <span class='ocrx_word' id='word_1_95' title='bbox 916 1645 958 1717; x_wconf 88' lang='lat' dir='ltr'><strong>ab</strong></span> <span class='ocrx_word' id='word_1_96' title='bbox 975 1645 1150 1731; x_wconf 86' lang='lat' dir='ltr'><strong>omnihus,</strong></span> <span class='ocrx_word' id='word_1_97' title='bbox 1172 1663 1269 1745; x_wconf 87' lang='lat' dir='ltr'><strong>prout</strong></span> 
     </span>
     <span class='ocr_line' id='line_1_13' title="bbox 158 1749 1323 1859; baseline 0.003 -29"><span class='ocrx_word' id='word_1_98' title='bbox 158 1759 269 1845; x_wconf 90' lang='lat' dir='ltr'><strong>decet,</strong></span> <span class='ocrx_word' id='word_1_99' title='bbox 286 1777 512 1847; x_wconf 80' lang='lat' dir='ltr'><strong>servarentur,</strong></span> <span class='ocrx_word' id='word_1_100' title='bbox 530 1775 577 1834; x_wconf 91' lang='lat' dir='ltr'><strong>tot</strong></span> <span class='ocrx_word' id='word_1_101' title='bbox 596 1761 834 1834; x_wconf 83' lang='lat' dir='ltr'><strong>commotiones</strong></span> <span class='ocrx_word' id='word_1_102' title='bbox 849 1759 1003 1859; x_wconf 86' lang='lat' dir='ltr'><strong>politicae</strong></span> <span class='ocrx_word' id='word_1_103' title='bbox 1015 1786 1055 1832; x_wconf 86' lang='lat' dir='ltr'><strong>ac</strong></span> <span class='ocrx_word' id='word_1_104' title='bbox 1069 1761 1269 1858; x_wconf 89' lang='lat' dir='ltr'><strong>perduellio-</strong></span> <span class='ocrx_word' id='word_1_105' title='bbox 1315 1749 1323 1762; x_wconf 52' lang='lat'><strong><em>⁹</em></strong></span> 
     </span>
     <span class='ocr_line' id='line_1_14' title="bbox 159 1874 1268 1975; baseline 0.004 -30"><span class='ocrx_word' id='word_1_106' title='bbox 159 1899 237 1961; x_wconf 88' lang='lat' dir='ltr'><strong>nes,</strong></span> <span class='ocrx_word' id='word_1_107' title='bbox 253 1901 339 1973; x_wconf 94' lang='lat' dir='ltr'><strong>quae</strong></span> <span class='ocrx_word' id='word_1_108' title='bbox 352 1891 458 1949; x_wconf 84' lang='lat' dir='ltr'><strong>aetate</strong></span> <span class='ocrx_word' id='word_1_109' title='bbox 476 1876 671 1975; x_wconf 85' lang='lat' dir='ltr'><strong>praesertim</strong></span> <span class='ocrx_word' id='word_1_110' title='bbox 690 1877 754 1949; x_wconf 88' lang='lat' dir='ltr'><strong>hac</strong></span> <span class='ocrx_word' id='word_1_111' title='bbox 776 1890 889 1949; x_wconf 87' lang='lat' dir='ltr'><strong>nostra</strong></span> <span class='ocrx_word' id='word_1_112' title='bbox 907 1901 1008 1972; x_wconf 86' lang='lat' dir='ltr'><strong>saepe</strong></span> <span class='ocrx_word' id='word_1_113' title='bbox 1025 1874 1110 1947; x_wconf 86' lang='lat' dir='ltr'><strong>adeo</strong></span> <span class='ocrx_word' id='word_1_114' title='bbox 1127 1876 1268 1949; x_wconf 85' lang='lat' dir='ltr'><strong>societa-</strong></span> 
     </span>
     <span class='ocr_line' id='line_1_15' title="bbox 159 1988 1264 2089; baseline -0.003 -27"><span class='ocrx_word' id='word_1_115' title='bbox 159 2005 224 2062; x_wconf 91' lang='lat' dir='ltr'><strong>tem</strong></span> <span class='ocrx_word' id='word_1_116' title='bbox 238 1989 371 2062; x_wconf 86' lang='lat' dir='ltr'><strong>turbant</strong></span> <span class='ocrx_word' id='word_1_117' title='bbox 383 1990 620 2089; x_wconf 86' lang='lat' dir='ltr'><strong>quatiuntque,</strong></span> <span class='ocrx_word' id='word_1_118' title='bbox 643 1988 755 2089; x_wconf 90' lang='lat' dir='ltr'><strong>procul</strong></span> <span class='ocrx_word' id='word_1_119' title='bbox 770 1990 874 2062; x_wconf 90' lang='lat' dir='ltr'><strong>dubio</strong></span> <span class='ocrx_word' id='word_1_120' title='bbox 887 1988 997 2062; x_wconf 91' lang='lat' dir='ltr'><strong>locum</strong></span> <span class='ocrx_word' id='word_1_121' title='bbox 1012 2016 1078 2062; x_wconf 91' lang='lat' dir='ltr'><strong>non</strong></span> <span class='ocrx_word' id='word_1_122' title='bbox 1092 1990 1264 2065; x_wconf 84' lang='lat' dir='ltr'><strong>haberent.</strong></span> 
     </span>
     <span class='ocr_line' id='line_1_16' title="bbox 231 2103 1270 2200; baseline 0.002 -25"><span class='ocrx_word' id='word_1_123' title='bbox 231 2105 379 2178; x_wconf 85' lang='lat' dir='ltr'><strong>Evidens</strong></span> <span class='ocrx_word' id='word_1_124' title='bbox 393 2120 503 2178; x_wconf 86' lang='lat' dir='ltr'><strong>autem</strong></span> <span class='ocrx_word' id='word_1_125' title='bbox 516 2121 569 2178; x_wconf 89' lang='lat' dir='ltr'><strong>est</strong></span> <span class='ocrx_word' id='word_1_126' title='bbox 580 2119 681 2176; x_wconf 85' lang='lat' dir='ltr'><strong>totam</strong></span> <span class='ocrx_word' id='word_1_127' title='bbox 697 2104 782 2176; x_wconf 87' lang='lat' dir='ltr'><strong>hanc</strong></span> <span class='ocrx_word' id='word_1_128' title='bbox 795 2103 975 2185; x_wconf 81' lang='lat' dir='ltr'><strong>salutarem</strong></span> <span class='ocrx_word' id='word_1_129' title='bbox 988 2103 1159 2200; x_wconf 81' lang='lat' dir='ltr'><strong>religionis</strong></span> <span class='ocrx_word' id='word_1_130' title='bbox 1173 2129 1270 2180; x_wconf 92' lang='lat' dir='ltr'><strong>oeco-</strong></span> 
     </span>
     <span class='ocr_line' id='line_1_17' title="bbox 158 2218 1267 2320; baseline -0.007 -20"><span class='ocrx_word' id='word_1_131' title='bbox 158 2221 305 2300; x_wconf 78' lang='lat' dir='ltr'><strong>nomiam</strong></span> <span class='ocrx_word' id='word_1_132' title='bbox 332 2221 472 2295; x_wconf 86' lang='lat' dir='ltr'><strong>relaxari</strong></span> <span class='ocrx_word' id='word_1_133' title='bbox 490 2248 551 2320; x_wconf 89' lang='lat' dir='ltr'><strong>per</strong></span> <span class='ocrx_word' id='word_1_134' title='bbox 567 2220 679 2292; x_wconf 85' lang='lat' dir='ltr'><strong>civilia</strong></span> <span class='ocrx_word' id='word_1_135' title='bbox 704 2218 870 2299; x_wconf 79' lang='lat' dir='ltr'><strong>connubia</strong></span> <span class='ocrx_word' id='word_1_136' title='bbox 881 2220 954 2304; x_wconf 48' lang='lat' dir='ltr'><strong>,nita</strong></span> <span class='ocrx_word' id='word_1_137' title='bbox 965 2234 1002 2291; x_wconf 90' lang='lat' dir='ltr'><strong>ut</strong></span> <span class='ocrx_word' id='word_1_138' title='bbox 1014 2244 1054 2291; x_wconf 89' lang='lat' dir='ltr'><strong>ea</strong></span> <span class='ocrx_word' id='word_1_139' title='bbox 1066 2219 1119 2291; x_wconf 84' lang='lat' dir='ltr'><strong>vis</strong></span> <span class='ocrx_word' id='word_1_140' title='bbox 1134 2219 1267 2317; x_wconf 88' lang='lat' dir='ltr'><strong>penitus</strong></span> 
     </span>
    </p>
   </div>
   <div class='ocr_carea' id='block_1_3' title="bbox 154 2475 1276 4374">
    <p class='ocr_par' dir='ltr' id='par_1_3' title="bbox 231 2475 452 2538">
     <span class='ocr_line' id='line_1_18' title="bbox 231 2475 452 2538; baseline 0.005 -14"><span class='ocrx_word' id='word_1_141' title='bbox 231 2475 282 2538; x_wconf 83' lang='lat' dir='ltr'><strong>(tt)</strong></span> <span class='ocrx_word' id='word_1_142' title='bbox 297 2475 360 2527; x_wconf 86' lang='lat' dir='ltr'><strong>lhid.</strong></span> <span class='ocrx_word' id='word_1_143' title='bbox 377 2488 402 2525; x_wconf 88' lang='lat' dir='ltr'><strong>v.</strong></span> <span class='ocrx_word' id='word_1_144' title='bbox 417 2482 452 2526; x_wconf 83' lang='lat'><strong>18-</strong></span> 
     </span>
    </p>

    <p class='ocr_par' dir='ltr' id='par_1_4' title="bbox 157 2555 1271 2846">
     <span class='ocr_line' id='line_1_19' title="bbox 231 2555 1186 2622; baseline -0.008 -16"><span class='ocrx_word' id='word_1_145' title='bbox 231 2556 283 2620; x_wconf 80' lang='lat' dir='ltr'><strong>(ts)</strong></span> <span class='ocrx_word' id='word_1_146' title='bbox 299 2555 361 2605; x_wconf 86' lang='lat' dir='ltr'>lbid.</span> <span class='ocrx_word' id='word_1_147' title='bbox 380 2569 404 2604; x_wconf 87' lang='lat' dir='ltr'><strong>v.</strong></span> <span class='ocrx_word' id='word_1_148' title='bbox 424 2561 460 2605; x_wconf 86' lang='lat'><strong>17.</strong></span> <span class='ocrx_word' id='word_1_149' title='bbox 1182 2615 1186 2622; x_wconf 73' lang='lat'>‚</span> 
     </span>
     <span class='ocr_line' id='line_1_20' title="bbox 165 2631 1268 2698; baseline -0.005 -13"><span class='ocrx_word' id='word_1_150' title='bbox 165 2658 168 2662; x_wconf 20' lang='grc' dir='ltr'><em>ι</em></span> <span class='ocrx_word' id='word_1_151' title='bbox 231 2636 281 2698; x_wconf 79' lang='lat' dir='ltr'><strong>(te)</strong></span> <span class='ocrx_word' id='word_1_152' title='bbox 297 2636 346 2693; x_wconf 82' lang='lat' dir='ltr'><strong>Qui</strong></span> <span class='ocrx_word' id='word_1_153' title='bbox 356 2637 428 2698; x_wconf 86' lang='lat' dir='ltr'><strong>plura</strong></span> <span class='ocrx_word' id='word_1_154' title='bbox 441 2635 518 2698; x_wconf 84' lang='lat' dir='ltr'><strong>cupit,</strong></span> <span class='ocrx_word' id='word_1_155' title='bbox 529 2635 641 2684; x_wconf 84' lang='lat' dir='ltr'><strong>consulat</strong></span> <span class='ocrx_word' id='word_1_156' title='bbox 656 2635 799 2684; x_wconf 85' lang='lat' dir='ltr'><strong>Bossuetum</strong></span> <span class='ocrx_word' id='word_1_157' title='bbox 809 2633 835 2682; x_wconf 83' lang='lat' dir='ltr'><strong>in</strong></span> <span class='ocrx_word' id='word_1_158' title='bbox 846 2647 886 2696; x_wconf 92' lang='lat' dir='ltr'><strong>op.</strong></span> <span class='ocrx_word' id='word_1_159' title='bbox 897 2633 936 2682; x_wconf 77' lang='lat' dir='ltr'><strong>cui</strong></span> <span class='ocrx_word' id='word_1_160' title='bbox 951 2633 990 2682; x_wconf 77' lang='lat' dir='ltr'><strong>tit.</strong></span> <span class='ocrx_word' id='word_1_161' title='bbox 1002 2631 1135 2696; x_wconf 81' lang='lat' dir='ltr'><strong>Poltttque</strong></span> <span class='ocrx_word' id='word_1_162' title='bbox 1147 2632 1211 2682; x_wconf 71' lang='lat' dir='ltr'><strong>ttree</strong></span> <span class='ocrx_word' id='word_1_163' title='bbox 1223 2632 1268 2680; x_wconf 79' lang='lat' dir='ltr'><strong>der</strong></span> 
     </span>
     <span class='ocr_line' id='line_1_21' title="bbox 157 2708 1271 2779; baseline -0.004 -13"><span class='ocrx_word' id='word_1_164' title='bbox 157 2727 265 2779; x_wconf 77' lang='lat' dir='ltr'><strong>propres</strong></span> <span class='ocrx_word' id='word_1_165' title='bbox 273 2715 416 2778; x_wconf 79' lang='lat' dir='ltr'><strong>parolesde</strong></span> <span class='ocrx_word' id='word_1_166' title='bbox 424 2715 566 2766; x_wconf 64' lang='lat' dir='ltr'><strong>Picentum</strong></span> <span class='ocrx_word' id='word_1_167' title='bbox 575 2717 669 2765; x_wconf 79' lang='lat' dir='ltr'><strong>sctnte.</strong></span> <span class='ocrx_word' id='word_1_168' title='bbox 678 2714 855 2764; x_wconf 80' lang='lat' dir='ltr'><strong>lirr.lll.art.1</strong></span> <span class='ocrx_word' id='word_1_169' title='bbox 868 2708 1191 2776; x_wconf 65' lang='lat' dir='ltr'><strong>cenomannicorum</strong></span> <span class='ocrx_word' id='word_1_170' title='bbox 1203 2718 1271 2763; x_wconf 73' lang='lat' dir='ltr'><strong>tete.</strong></span> 
     </span>
     <span class='ocr_line' id='line_1_22' title="bbox 162 2798 340 2846; baseline 0.006 -1"><span class='ocrx_word' id='word_1_171' title='bbox 162 2798 340 2846; x_wconf 79' lang='lat' dir='ltr'><strong>tcmxxxvl.</strong></span> 
     </span>
    </p>

    <p class='ocr_par' dir='ltr' id='par_1_5' title="bbox 154 2872 1276 4374">
     <span class='ocr_line' id='line_1_23' title="bbox 234 2872 1270 2936; baseline -0.004 -12"><span class='ocrx_word' id='word_1_172' title='bbox 234 2875 296 2925; x_wconf 75' lang='lat' dir='ltr'><strong>note</strong></span> <span class='ocrx_word' id='word_1_173' title='bbox 314 2876 417 2926; x_wconf 81' lang='lat' dir='ltr'><strong>alterum</strong></span> <span class='ocrx_word' id='word_1_174' title='bbox 432 2877 557 2926; x_wconf 82' lang='lat' dir='ltr'><strong>auctorem</strong></span> <span class='ocrx_word' id='word_1_175' title='bbox 573 2874 633 2926; x_wconf 86' lang='lat' dir='ltr'><strong>libet</strong></span> <span class='ocrx_word' id='word_1_176' title='bbox 646 2874 766 2936; x_wconf 81' lang='lat' dir='ltr'><strong>adiicere,</strong></span> <span class='ocrx_word' id='word_1_177' title='bbox 784 2874 827 2936; x_wconf 79' lang='lat' dir='ltr'><strong>qm</strong></span> <span class='ocrx_word' id='word_1_178' title='bbox 844 2886 896 2923; x_wconf 89' lang='lat' dir='ltr'><strong>rem</strong></span> <span class='ocrx_word' id='word_1_179' title='bbox 912 2873 975 2922; x_wconf 83' lang='lat' dir='ltr'><strong>hanc</strong></span> <span class='ocrx_word' id='word_1_180' title='bbox 985 2885 1014 2921; x_wconf 83' lang='lat' dir='ltr'><strong>ex</strong></span> <span class='ocrx_word' id='word_1_181' title='bbox 1025 2872 1078 2934; x_wconf 82' lang='lat' dir='ltr'><strong>ipsa</strong></span> <span class='ocrx_word' id='word_1_182' title='bbox 1088 2873 1270 2934; x_wconf 75' lang='lat' dir='ltr'><strong>nemmexpen·</strong></span> 
     </span>
     <span class='ocr_line' id='line_1_24' title="bbox 161 2948 1270 3020; baseline -0.005 -16"><span class='ocrx_word' id='word_1_183' title='bbox 161 2952 217 3016; x_wconf 75' lang='lat' dir='ltr'><strong>dit,</strong></span> <span class='ocrx_word' id='word_1_184' title='bbox 236 2966 320 3020; x_wconf 82' lang='lat' dir='ltr'><strong>nempe</strong></span> <span class='ocrx_word' id='word_1_185' title='bbox 340 2960 369 3006; x_wconf 84' lang='grc' dir='ltr'><strong>Α.</strong></span> <span class='ocrx_word' id='word_1_186' title='bbox 380 2956 491 3018; x_wconf 76' lang='lat' dir='ltr'><strong>Nicetes,</strong></span> <span class='ocrx_word' id='word_1_187' title='bbox 506 2954 548 3018; x_wconf 78' lang='lat' dir='ltr'><strong>qui</strong></span> <span class='ocrx_word' id='word_1_188' title='bbox 560 2955 586 3004; x_wconf 87' lang='lat' dir='ltr'><strong>in</strong></span> <span class='ocrx_word' id='word_1_189' title='bbox 596 2967 637 3017; x_wconf 87' lang='lat' dir='ltr'><strong>op.</strong></span> <span class='ocrx_word' id='word_1_190' title='bbox 649 2957 692 3005; x_wconf 82' lang='lat' dir='ltr'><strong>Du</strong></span> <span class='ocrx_word' id='word_1_191' title='bbox 700 2954 913 3018; x_wconf 77' lang='lat' dir='ltr'><strong>protectcnttsme</strong></span> <span class='ocrx_word' id='word_1_192' title='bbox 928 2954 955 3002; x_wconf 86' lang='lat' dir='ltr'><strong>et</strong></span> <span class='ocrx_word' id='word_1_193' title='bbox 968 2950 1000 3001; x_wconf 82' lang='lat' dir='ltr'><strong>cle</strong></span> <span class='ocrx_word' id='word_1_194' title='bbox 1016 2953 1100 3001; x_wconf 73' lang='lat' dir='ltr'><strong>tontes</strong></span> <span class='ocrx_word' id='word_1_195' title='bbox 1112 2948 1270 3000; x_wconf 62' lang='lat' dir='ltr'><strong>krkcrostec</strong></span> 
     </span>
     <span class='ocr_line' id='line_1_25' title="bbox 160 3018 1271 3099; baseline -0.006 -14"><span class='ocrx_word' id='word_1_196' title='bbox 160 3033 231 3085; x_wconf 77' lang='lat' dir='ltr'><strong>dans</strong></span> <span class='ocrx_word' id='word_1_197' title='bbox 240 3033 439 3099; x_wconf 76' lang='lat' dir='ltr'><strong>lecrsropports</strong></span> <span class='ocrx_word' id='word_1_198' title='bbox 446 3047 510 3084; x_wconf 83' lang='lat' dir='ltr'><strong>ever</strong></span> <span class='ocrx_word' id='word_1_199' title='bbox 521 3035 544 3083; x_wconf 84' lang='lat' dir='ltr'><strong>te</strong></span> <span class='ocrx_word' id='word_1_200' title='bbox 555 3033 707 3084; x_wconf 79' lang='lat' dir='ltr'><strong>scctcttsme.</strong></span> <span class='ocrx_word' id='word_1_201' title='bbox 721 3032 788 3082; x_wconf 81' lang='lat' dir='ltr'><strong>Paris</strong></span> <span class='ocrx_word' id='word_1_202' title='bbox 801 3038 869 3082; x_wconf 76' lang='lat'><strong>1852,</strong></span> <span class='ocrx_word' id='word_1_203' title='bbox 880 3032 941 3080; x_wconf 77' lang='lat' dir='ltr'><strong>hoec</strong></span> <span class='ocrx_word' id='word_1_204' title='bbox 950 3018 1074 3092; x_wconf 76' lang='lat' dir='ltr'><strong>praeclare</strong></span> <span class='ocrx_word' id='word_1_205' title='bbox 1085 3028 1178 3078; x_wconf 79' lang='lat' dir='ltr'><strong>scribit:</strong></span> <span class='ocrx_word' id='word_1_206' title='bbox 1189 3029 1271 3078; x_wconf 65' lang='lat' dir='ltr'><strong>«vau</strong></span> 
     </span>
     <span class='ocr_line' id='line_1_26' title="bbox 158 3102 1271 3176; baseline -0.007 -12"><span class='ocrx_word' id='word_1_207' title='bbox 158 3112 233 3164; x_wconf 71' lang='lat' dir='ltr'><strong>tortu</strong></span> <span class='ocrx_word' id='word_1_208' title='bbox 242 3112 286 3164; x_wconf 87' lang='lat' dir='ltr'><strong>des</strong></span> <span class='ocrx_word' id='word_1_209' title='bbox 295 3114 423 3164; x_wconf 73' lang='lat' dir='ltr'><strong>sourrmns</strong></span> <span class='ocrx_word' id='word_1_210' title='bbox 432 3113 574 3176; x_wconf 79' lang='lat' dir='ltr'><strong>cmpruntec</strong></span> <span class='ocrx_word' id='word_1_211' title='bbox 584 3112 615 3162; x_wconf 86' lang='lat' dir='ltr'><strong>de</strong></span> <span class='ocrx_word' id='word_1_212' title='bbox 625 3112 686 3161; x_wconf 85' lang='lat' dir='ltr'><strong>celle</strong></span> <span class='ocrx_word' id='word_1_213' title='bbox 695 3109 726 3160; x_wconf 82' lang='lat' dir='ltr'><strong>de</strong></span> <span class='ocrx_word' id='word_1_214' title='bbox 735 3110 839 3172; x_wconf 83' lang='lat' dir='ltr'><strong>l’egtise,</strong></span> <span class='ocrx_word' id='word_1_215' title='bbox 850 3121 880 3158; x_wconf 87' lang='lat' dir='ltr'><strong>en</strong></span> <span class='ocrx_word' id='word_1_216' title='bbox 890 3109 970 3170; x_wconf 84' lang='lat' dir='ltr'><strong>avait,</strong></span> <span class='ocrx_word' id='word_1_217' title='bbox 982 3120 1030 3156; x_wconf 84' lang='lat' dir='ltr'><strong>eux</strong></span> <span class='ocrx_word' id='word_1_218' title='bbox 1042 3119 1106 3168; x_wconf 77' lang='lat' dir='ltr'><strong>yeux</strong></span> <span class='ocrx_word' id='word_1_219' title='bbox 1116 3102 1271 3169; x_wconf 60' lang='lat' dir='ltr'><strong>des‘petiples</strong></span> 
     </span>
     <span class='ocr_line' id='line_1_27' title="bbox 158 3185 1272 3256; baseline -0.009 -12"><span class='ocrx_word' id='word_1_220' title='bbox 158 3195 182 3244; x_wconf 85' lang='lat' dir='ltr'><strong>le</strong></span> <span class='ocrx_word' id='word_1_221' title='bbox 189 3193 257 3244; x_wconf 81' lang='lat' dir='ltr'><strong>droit</strong></span> <span class='ocrx_word' id='word_1_222' title='bbox 265 3194 347 3256; x_wconf 77' lang='lat' dir='ltr'><strong>sacre,</strong></span> <span class='ocrx_word' id='word_1_223' title='bbox 358 3195 381 3244; x_wconf 86' lang='lat' dir='ltr'><strong>te</strong></span> <span class='ocrx_word' id='word_1_224' title='bbox 392 3194 513 3244; x_wconf 81' lang='lat' dir='ltr'><strong>caractere</strong></span> <span class='ocrx_word' id='word_1_225' title='bbox 520 3193 601 3255; x_wconf 75' lang='lat' dir='ltr'><strong>divim</strong></span> <span class='ocrx_word' id='word_1_226' title='bbox 613 3195 637 3242; x_wconf 90' lang='lat' dir='ltr'><strong>et</strong></span> <span class='ocrx_word' id='word_1_227' title='bbox 648 3205 710 3255; x_wconf 85' lang='lat' dir='ltr'><strong>pour</strong></span> <span class='ocrx_word' id='word_1_228' title='bbox 719 3191 754 3240; x_wconf 85' lang='lat' dir='ltr'><strong>les</strong></span> <span class='ocrx_word' id='word_1_229' title='bbox 764 3189 893 3240; x_wconf 83' lang='lat' dir='ltr'><strong>sourratne</strong></span> <span class='ocrx_word' id='word_1_230' title='bbox 902 3189 1062 3249; x_wconf 77' lang='lat' dir='ltr'><strong>eux-memes,</strong></span> <span class='ocrx_word' id='word_1_231' title='bbox 1074 3199 1102 3237; x_wconf 86' lang='lat' dir='ltr'><strong>ce</strong></span> <span class='ocrx_word' id='word_1_232' title='bbox 1111 3186 1178 3236; x_wconf 81' lang='lat' dir='ltr'><strong>eren</strong></span> <span class='ocrx_word' id='word_1_233' title='bbox 1187 3185 1272 3235; x_wconf 79' lang='lat' dir='ltr'><strong>u&#39;eteit</strong></span> 
     </span>
     <span class='ocr_line' id='line_1_28' title="bbox 158 3267 1273 3338; baseline -0.009 -14"><span class='ocrx_word' id='word_1_234' title='bbox 158 3275 249 3338; x_wconf 82' lang='lat' dir='ltr'><strong>qn’une</strong></span> <span class='ocrx_word' id='word_1_235' title='bbox 264 3275 353 3337; x_wconf 83' lang='lat' dir='ltr'><strong>charge</strong></span> <span class='ocrx_word' id='word_1_236' title='bbox 363 3274 395 3324; x_wconf 85' lang='lat' dir='ltr'><strong>de</strong></span> <span class='ocrx_word' id='word_1_237' title='bbox 405 3275 557 3338; x_wconf 79' lang='lat' dir='ltr'><strong>protectior,</strong></span> <span class='ocrx_word' id='word_1_238' title='bbox 568 3274 600 3323; x_wconf 84' lang='lat' dir='ltr'><strong>de</strong></span> <span class='ocrx_word' id='word_1_239' title='bbox 610 3272 788 3323; x_wconf 79' lang='lat' dir='ltr'><strong>dernurement</strong></span> <span class='ocrx_word' id='word_1_240' title='bbox 797 3273 821 3320; x_wconf 90' lang='lat' dir='ltr'><strong>et</strong></span> <span class='ocrx_word' id='word_1_241' title='bbox 832 3269 863 3318; x_wconf 88' lang='lat' dir='ltr'><strong>de</strong></span> <span class='ocrx_word' id='word_1_242' title='bbox 874 3268 966 3317; x_wconf 72' lang='lat' dir='ltr'><strong>marite</strong></span> <span class='ocrx_word' id='word_1_243' title='bbox 976 3279 1062 3318; x_wconf 77' lang='lat' dir='ltr'><strong>eurem</strong></span> <span class='ocrx_word' id='word_1_244' title='bbox 1073 3267 1108 3317; x_wconf 82' lang='lat' dir='ltr'><strong>tes</strong></span> <span class='ocrx_word' id='word_1_245' title='bbox 1117 3267 1273 3330; x_wconf 76' lang='lat' dir='ltr'><strong>periples-(te</strong></span> 
     </span>
     <span class='ocr_line' id='line_1_29' title="bbox 159 3346 1273 3418; baseline -0.007 -15"><span class='ocrx_word' id='word_1_246' title='bbox 159 3354 244 3406; x_wconf 74' lang='lat' dir='ltr'><strong>n’etoit</strong></span> <span class='ocrx_word' id='word_1_247' title='bbox 252 3366 296 3418; x_wconf 81' lang='lat' dir='ltr'><strong>pas</strong></span> <span class='ocrx_word' id='word_1_248' title='bbox 305 3355 420 3404; x_wconf 85' lang='lat' dir='ltr'><strong>l’homme</strong></span> <span class='ocrx_word' id='word_1_249' title='bbox 430 3353 473 3416; x_wconf 87' lang='lat' dir='ltr'><strong>qui</strong></span> <span class='ocrx_word' id='word_1_250' title='bbox 483 3352 649 3403; x_wconf 85' lang='lat' dir='ltr'><strong>commandatt</strong></span> <span class='ocrx_word' id='word_1_251' title='bbox 657 3352 682 3402; x_wconf 87' lang='lat' dir='ltr'><strong>et</strong></span> <span class='ocrx_word' id='word_1_252' title='bbox 692 3351 736 3413; x_wconf 86' lang='lat' dir='ltr'><strong>qui</strong></span> <span class='ocrx_word' id='word_1_253' title='bbox 747 3349 864 3399; x_wconf 81' lang='lat' dir='ltr'><strong>obetssait</strong></span> <span class='ocrx_word' id='word_1_254' title='bbox 872 3348 887 3396; x_wconf 74' lang='lat' dir='ltr'><strong>a</strong></span> <span class='ocrx_word' id='word_1_255' title='bbox 896 3348 1027 3409; x_wconf 86' lang='lat' dir='ltr'><strong>l&#39;homme,</strong></span> <span class='ocrx_word' id='word_1_256' title='bbox 1038 3359 1066 3397; x_wconf 92' lang='lat' dir='ltr'><strong>ce</strong></span> <span class='ocrx_word' id='word_1_257' title='bbox 1073 3347 1116 3409; x_wconf 82' lang='lat' dir='ltr'><strong>qut</strong></span> <span class='ocrx_word' id='word_1_258' title='bbox 1127 3346 1168 3395; x_wconf 81' lang='lat' dir='ltr'><strong>n&#39;e</strong></span> <span class='ocrx_word' id='word_1_259' title='bbox 1177 3359 1273 3396; x_wconf 83' lang='lat' dir='ltr'><strong>aucune</strong></span> 
     </span>
     <span class='ocr_line' id='line_1_30' title="bbox 160 3420 1271 3496; baseline -0.009 -12"><span class='ocrx_word' id='word_1_260' title='bbox 160 3433 242 3484; x_wconf 79' lang='lat' dir='ltr'><strong>raison</strong></span> <span class='ocrx_word' id='word_1_261' title='bbox 254 3434 347 3483; x_wconf 85' lang='lat' dir='ltr'><strong>morale</strong></span> <span class='ocrx_word' id='word_1_262' title='bbox 357 3433 447 3494; x_wconf 82' lang='lat' dir='ltr'><strong>d‘etre,</strong></span> <span class='ocrx_word' id='word_1_263' title='bbox 460 3435 485 3482; x_wconf 86' lang='lat' dir='ltr'><strong>et</strong></span> <span class='ocrx_word' id='word_1_264' title='bbox 495 3420 594 3496; x_wconf 86' lang='lat' dir='ltr'><strong>nepeut</strong></span> <span class='ocrx_word' id='word_1_265' title='bbox 605 3431 756 3494; x_wconf 80' lang='lat' dir='ltr'><strong>qu’enfeuter</strong></span> <span class='ocrx_word' id='word_1_266' title='bbox 768 3430 791 3479; x_wconf 86' lang='lat' dir='ltr'><strong>lu</strong></span> <span class='ocrx_word' id='word_1_267' title='bbox 801 3427 893 3478; x_wconf 75' lang='lat' dir='ltr'><strong>rerolte</strong></span> <span class='ocrx_word' id='word_1_268' title='bbox 903 3431 928 3477; x_wconf 87' lang='lat' dir='ltr'><strong>et</strong></span> <span class='ocrx_word' id='word_1_269' title='bbox 937 3429 961 3477; x_wconf 85' lang='lat' dir='ltr'><strong>la</strong></span> <span class='ocrx_word' id='word_1_270' title='bbox 970 3426 1097 3490; x_wconf 79' lang='lat' dir='ltr'><strong>tyrannio,</strong></span> <span class='ocrx_word' id='word_1_271' title='bbox 1113 3425 1195 3477; x_wconf 80' lang='lat' dir='ltr'><strong>c&#39;etcit</strong></span> <span class='ocrx_word' id='word_1_272' title='bbox 1212 3426 1271 3476; x_wconf 76' lang='lat' dir='ltr'><strong>Pao-</strong></span> 
     </span>
     <span class='ocr_line' id='line_1_31' title="bbox 158 3506 1275 3573; baseline -0.008 -10"><span class='ocrx_word' id='word_1_273' title='bbox 158 3513 232 3564; x_wconf 74' lang='lat' dir='ltr'><strong>terite</strong></span> <span class='ocrx_word' id='word_1_274' title='bbox 238 3513 322 3562; x_wconf 85' lang='lat' dir='ltr'><strong>divine</strong></span> <span class='ocrx_word' id='word_1_275' title='bbox 329 3515 354 3563; x_wconf 87' lang='lat' dir='ltr'><strong>et</strong></span> <span class='ocrx_word' id='word_1_276' title='bbox 362 3512 504 3562; x_wconf 80' lang='lat' dir='ltr'><strong>metemetle</strong></span> <span class='ocrx_word' id='word_1_277' title='bbox 514 3511 545 3562; x_wconf 85' lang='lat' dir='ltr'><strong>de</strong></span> <span class='ocrx_word' id='word_1_278' title='bbox 557 3512 647 3573; x_wconf 82' lang='lat' dir='ltr'><strong>l&#39;cglise</strong></span> <span class='ocrx_word' id='word_1_279' title='bbox 655 3511 790 3572; x_wconf 77' lang='lat' dir='ltr'><strong>s’eserpant</strong></span> <span class='ocrx_word' id='word_1_280' title='bbox 797 3522 841 3573; x_wconf 85' lang='lat' dir='ltr'><strong>par</strong></span> <span class='ocrx_word' id='word_1_281' title='bbox 852 3507 990 3572; x_wconf 74' lang='lat' dir='ltr'><strong>detegatlon</strong></span> <span class='ocrx_word' id='word_1_282' title='bbox 1000 3507 1061 3557; x_wconf 87' lang='lat' dir='ltr'><strong>dans</strong></span> <span class='ocrx_word' id='word_1_283' title='bbox 1070 3507 1094 3557; x_wconf 89' lang='lat' dir='ltr'><strong>le</strong></span> <span class='ocrx_word' id='word_1_284' title='bbox 1104 3518 1223 3572; x_wconf 85' lang='lat' dir='ltr'><strong>personne</strong></span> <span class='ocrx_word' id='word_1_285' title='bbox 1232 3506 1275 3554; x_wconf 86' lang='lat' dir='ltr'><strong>des</strong></span> 
     </span>
     <span class='ocr_line' id='line_1_32' title="bbox 159 3582 1273 3656; baseline -0.009 -13"><span class='ocrx_word' id='word_1_286' title='bbox 159 3592 290 3643; x_wconf 75' lang='lat' dir='ltr'><strong>sourmins</strong></span> <span class='ocrx_word' id='word_1_287' title='bbox 306 3606 348 3643; x_wconf 88' lang='lat' dir='ltr'><strong>sur</strong></span> <span class='ocrx_word' id='word_1_288' title='bbox 362 3605 401 3642; x_wconf 83' lang='lat' dir='ltr'><strong>ses</strong></span> <span class='ocrx_word' id='word_1_289' title='bbox 412 3593 525 3656; x_wconf 75' lang='lat' dir='ltr'><strong>periples,</strong></span> <span class='ocrx_word' id='word_1_290' title='bbox 537 3594 562 3642; x_wconf 87' lang='lat' dir='ltr'><strong>et</strong></span> <span class='ocrx_word' id='word_1_291' title='bbox 575 3591 732 3642; x_wconf 80' lang='lat' dir='ltr'><strong>l’obeissanec</strong></span> <span class='ocrx_word' id='word_1_292' title='bbox 748 3590 822 3639; x_wconf 82' lang='lat' dir='ltr'><strong>flliate</strong></span> <span class='ocrx_word' id='word_1_293' title='bbox 838 3588 881 3638; x_wconf 87' lang='lat' dir='ltr'><strong>des</strong></span> <span class='ocrx_word' id='word_1_294' title='bbox 896 3582 992 3638; x_wconf 81' lang='lat' dir='ltr'><strong>enfants</strong></span> <span class='ocrx_word' id='word_1_295' title='bbox 1001 3588 1032 3638; x_wconf 89' lang='lat' dir='ltr'><strong>de</strong></span> <span class='ocrx_word' id='word_1_296' title='bbox 1043 3586 1135 3649; x_wconf 79' lang='lat' dir='ltr'><strong>l’eglise</strong></span> <span class='ocrx_word' id='word_1_297' title='bbox 1145 3585 1273 3635; x_wconf 73' lang='lat' dir='ltr'><strong>recueiltee</strong></span> 
     </span>
     <span class='ocr_line' id='line_1_33' title="bbox 158 3665 1272 3737; baseline -0.007 -17"><span class='ocrx_word' id='word_1_298' title='bbox 158 3670 220 3723; x_wconf 77' lang='lat' dir='ltr'><strong>dm</strong></span> <span class='ocrx_word' id='word_1_299' title='bbox 231 3673 267 3722; x_wconf 85' lang='lat' dir='ltr'><strong>tes</strong></span> <span class='ocrx_word' id='word_1_300' title='bbox 283 3672 384 3736; x_wconf 81' lang='lat' dir='ltr'><strong>peuptes</strong></span> <span class='ocrx_word' id='word_1_301' title='bbox 403 3684 446 3734; x_wconf 84' lang='lat' dir='ltr'><strong>per</strong></span> <span class='ocrx_word' id='word_1_302' title='bbox 461 3672 496 3721; x_wconf 85' lang='lat' dir='ltr'><strong>tes</strong></span> <span class='ocrx_word' id='word_1_303' title='bbox 515 3671 657 3730; x_wconf 84' lang='lat' dir='ltr'><strong>souvrains,·</strong></span> <span class='ocrx_word' id='word_1_304' title='bbox 677 3673 701 3719; x_wconf 89' lang='lat' dir='ltr'><strong>et</strong></span> <span class='ocrx_word' id='word_1_305' title='bbox 718 3669 801 3732; x_wconf 84' lang='lat' dir='ltr'><strong>quand</strong></span> <span class='ocrx_word' id='word_1_306' title='bbox 820 3682 882 3719; x_wconf 87' lang='lat' dir='ltr'><strong>nous</strong></span> <span class='ocrx_word' id='word_1_307' title='bbox 902 3668 987 3718; x_wconf 81' lang='lat' dir='ltr'><strong>disens</strong></span> <span class='ocrx_word' id='word_1_308' title='bbox 1003 3667 1103 3737; x_wconf 80' lang='lat' dir='ltr'><strong>l’egtise,</strong></span> <span class='ocrx_word' id='word_1_309' title='bbox 1114 3679 1177 3714; x_wconf 88' lang='lat' dir='ltr'><strong>nous</strong></span> <span class='ocrx_word' id='word_1_310' title='bbox 1187 3665 1272 3714; x_wconf 75' lang='lat' dir='ltr'><strong>dinone</strong></span> 
     </span>
     <span class='ocr_line' id='line_1_34' title="bbox 158 3745 1273 3814; baseline -0.01 -12"><span class='ocrx_word' id='word_1_311' title='bbox 158 3751 340 3814; x_wconf 74' lang='lat' dir='ltr'><strong>seen-curm,</strong></span> <span class='ocrx_word' id='word_1_312' title='bbox 352 3764 447 3802; x_wconf 89' lang='lat' dir='ltr'><strong>comme</strong></span> <span class='ocrx_word' id='word_1_313' title='bbox 460 3764 490 3801; x_wconf 89' lang='lat' dir='ltr'><strong>en</strong></span> <span class='ocrx_word' id='word_1_314' title='bbox 501 3751 583 3800; x_wconf 82' lang='lat' dir='ltr'><strong>disant</strong></span> <span class='ocrx_word' id='word_1_315' title='bbox 593 3750 773 3811; x_wconf 77' lang='lat' dir='ltr'><strong>Jesuschrist,</strong></span> <span class='ocrx_word' id='word_1_316' title='bbox 785 3762 848 3798; x_wconf 89' lang='lat' dir='ltr'><strong>nous</strong></span> <span class='ocrx_word' id='word_1_317' title='bbox 863 3747 946 3797; x_wconf 81' lang='lat' dir='ltr'><strong>dteons</strong></span> <span class='ocrx_word' id='word_1_318' title='bbox 958 3748 1033 3807; x_wconf 83' lang='lat' dir='ltr'><strong>Dieu,</strong></span> <span class='ocrx_word' id='word_1_319' title='bbox 1045 3759 1060 3795; x_wconf 85' lang='lat' dir='ltr'><strong>a</strong></span> <span class='ocrx_word' id='word_1_320' title='bbox 1070 3746 1113 3808; x_wconf 82' lang='lat' dir='ltr'><strong>qui</strong></span> <span class='ocrx_word' id='word_1_321' title='bbox 1124 3745 1178 3794; x_wconf 85' lang='lat' dir='ltr'><strong>seul</strong></span> <span class='ocrx_word' id='word_1_322' title='bbox 1188 3755 1273 3806; x_wconf 74' lang='lat' dir='ltr'><strong>appar·-</strong></span> 
     </span>
     <span class='ocr_line' id='line_1_35' title="bbox 158 3822 1269 3893; baseline -0.011 -12"><span class='ocrx_word' id='word_1_323' title='bbox 158 3832 222 3881; x_wconf 78' lang='lat' dir='ltr'><strong>ttent</strong></span> <span class='ocrx_word' id='word_1_324' title='bbox 239 3831 361 3881; x_wconf 75' lang='lat' dir='ltr'><strong>l’autorite</strong></span> <span class='ocrx_word' id='word_1_325' title='bbox 374 3831 436 3881; x_wconf 89' lang='lat' dir='ltr'><strong>dont</strong></span> <span class='ocrx_word' id='word_1_326' title='bbox 444 3830 558 3893; x_wconf 78' lang='lat' dir='ltr'><strong>l’egtisea</strong></span> <span class='ocrx_word' id='word_1_327' title='bbox 569 3842 627 3892; x_wconf 80' lang='lat' dir='ltr'><strong>recu</strong></span> <span class='ocrx_word' id='word_1_328' title='bbox 638 3829 661 3877; x_wconf 85' lang='lat' dir='ltr'><strong>la</strong></span> <span class='ocrx_word' id='word_1_329' title='bbox 672 3829 746 3878; x_wconf 78' lang='lat' dir='ltr'><strong>naute</strong></span> <span class='ocrx_word' id='word_1_330' title='bbox 757 3826 894 3890; x_wconf 78' lang='lat' dir='ltr'><strong>delegation</strong></span> <span class='ocrx_word' id='word_1_331' title='bbox 903 3825 1046 3888; x_wconf 84' lang='lat' dir='ltr'><strong>spirituelte.</strong></span> <span class='ocrx_word' id='word_1_332' title='bbox 1056 3850 1063 3861; x_wconf 94' lang='lat'>·</span> <span class='ocrx_word' id='word_1_333' title='bbox 1074 3826 1109 3872; x_wconf 80' lang='lat' dir='ltr'><strong>Le</strong></span> <span class='ocrx_word' id='word_1_334' title='bbox 1117 3822 1269 3872; x_wconf 85' lang='lat' dir='ltr'><strong>commende-</strong></span> 
     </span>
     <span class='ocr_line' id='line_1_36' title="bbox 159 3900 1272 3972; baseline -0.011 -10"><span class='ocrx_word' id='word_1_335' title='bbox 159 3911 428 3962; x_wconf 81' lang='lat' dir='ltr'><strong>mentetl’obetssnnce</strong></span> <span class='ocrx_word' id='word_1_336' title='bbox 437 3910 505 3961; x_wconf 77' lang='lat' dir='ltr'><strong>etant</strong></span> <span class='ocrx_word' id='word_1_337' title='bbox 512 3911 587 3960; x_wconf 89' lang='lat' dir='ltr'><strong>chose</strong></span> <span class='ocrx_word' id='word_1_338' title='bbox 596 3908 730 3972; x_wconf 81' lang='lat' dir='ltr'><strong>spirituelte</strong></span> <span class='ocrx_word' id='word_1_339' title='bbox 740 3907 801 3957; x_wconf 84' lang='lat' dir='ltr'><strong>dens</strong></span> <span class='ocrx_word' id='word_1_340' title='bbox 811 3907 833 3957; x_wconf 82' lang='lat' dir='ltr'><strong>te</strong></span> <span class='ocrx_word' id='word_1_341' title='bbox 841 3907 880 3956; x_wconf 80' lang='lat' dir='ltr'><strong>tor</strong></span> <span class='ocrx_word' id='word_1_342' title='bbox 888 3905 1004 3955; x_wconf 78' lang='lat' dir='ltr'><strong>interient·</strong></span> <span class='ocrx_word' id='word_1_343' title='bbox 1014 3904 1074 3954; x_wconf 85' lang='lat' dir='ltr'><strong>dont</strong></span> <span class='ocrx_word' id='word_1_344' title='bbox 1083 3903 1114 3952; x_wconf 86' lang='lat' dir='ltr'><strong>ils</strong></span> <span class='ocrx_word' id='word_1_345' title='bbox 1122 3900 1272 3965; x_wconf 78' lang='lat' dir='ltr'><strong>procedent,</strong></span> 
     </span>
     <span class='ocr_line' id='line_1_37' title="bbox 158 3980 1273 4054; baseline -0.01 -13"><span class='ocrx_word' id='word_1_346' title='bbox 158 3990 300 4054; x_wconf 84' lang='lat' dir='ltr'><strong>s&#39;inspirent</strong></span> <span class='ocrx_word' id='word_1_347' title='bbox 316 3988 604 4053; x_wconf 73' lang='lat' dir='ltr'><strong>necessairementparla</strong></span> <span class='ocrx_word' id='word_1_348' title='bbox 614 3989 645 4040; x_wconf 87' lang='lat' dir='ltr'><strong>de</strong></span> <span class='ocrx_word' id='word_1_349' title='bbox 656 3989 680 4038; x_wconf 87' lang='lat' dir='ltr'><strong>la</strong></span> <span class='ocrx_word' id='word_1_350' title='bbox 690 3985 957 4050; x_wconf 83' lang='lat' dir='ltr'><strong>doctrinespirituclte,</strong></span> <span class='ocrx_word' id='word_1_351' title='bbox 974 3983 1055 4048; x_wconf 85' lang='lat' dir='ltr'><strong>quelle</strong></span> <span class='ocrx_word' id='word_1_352' title='bbox 1072 3980 1219 4045; x_wconf 83' lang='lat' dir='ltr'><strong>qu’ellesoit</strong></span> <span class='ocrx_word' id='word_1_353' title='bbox 1229 3982 1273 4042; x_wconf 78' lang='lat' dir='ltr'><strong>qut</strong></span> 
     </span>
     <span class='ocr_line' id='line_1_38' title="bbox 159 4060 1275 4134; baseline -0.012 -14"><span class='ocrx_word' id='word_1_354' title='bbox 159 4068 234 4134; x_wconf 71' lang='lat' dir='ltr'><strong>regne</strong></span> <span class='ocrx_word' id='word_1_355' title='bbox 248 4069 310 4121; x_wconf 72' lang='lat' dir='ltr'><strong>dens</strong></span> <span class='ocrx_word' id='word_1_356' title='bbox 321 4070 345 4120; x_wconf 88' lang='lat' dir='ltr'><strong>le</strong></span> <span class='ocrx_word' id='word_1_357' title='bbox 355 4069 463 4132; x_wconf 80' lang='lat' dir='ltr'><strong>monde,</strong></span> <span class='ocrx_word' id='word_1_358' title='bbox 481 4082 590 4133; x_wconf 68' lang='lat' dir='ltr'><strong>perenne</strong></span> <span class='ocrx_word' id='word_1_359' title='bbox 608 4081 640 4118; x_wconf 90' lang='lat' dir='ltr'><strong>ou</strong></span> <span class='ocrx_word' id='word_1_360' title='bbox 661 4067 814 4128; x_wconf 76' lang='lat' dir='ltr'><strong>chrettenne,</strong></span> <span class='ocrx_word' id='word_1_361' title='bbox 826 4065 966 4129; x_wconf 73' lang='lat' dir='ltr'><strong>catholicoe</strong></span> <span class='ocrx_word' id='word_1_362' title='bbox 975 4077 1008 4113; x_wconf 88' lang='lat' dir='ltr'><strong>ou</strong></span> <span class='ocrx_word' id='word_1_363' title='bbox 1019 4060 1176 4126; x_wconf 80' lang='lat' dir='ltr'><strong>protestante.</strong></span> <span class='ocrx_word' id='word_1_364' title='bbox 1188 4062 1275 4108; x_wconf 81' lang='lat' dir='ltr'><strong>Autres</strong></span> 
     </span>
     <span class='ocr_line' id='line_1_39' title="bbox 154 4138 1276 4210; baseline -0.012 -10"><span class='ocrx_word' id='word_1_365' title='bbox 154 4151 219 4200; x_wconf 76' lang='lat' dir='ltr'><strong>sont</strong></span> <span class='ocrx_word' id='word_1_366' title='bbox 227 4149 252 4200; x_wconf 84' lang='lat' dir='ltr'><strong>lc</strong></span> <span class='ocrx_word' id='word_1_367' title='bbox 260 4148 471 4208; x_wconf 68' lang='lat' dir='ltr'><strong>commendarent</strong></span> <span class='ocrx_word' id='word_1_368' title='bbox 479 4152 505 4200; x_wconf 90' lang='lat' dir='ltr'><strong>et</strong></span> <span class='ocrx_word' id='word_1_369' title='bbox 515 4145 984 4210; x_wconf 81' lang='lat' dir='ltr'><strong>l’obeisscnce,selonqo&#39;itss’tnsptrent</strong></span> <span class='ocrx_word' id='word_1_370' title='bbox 994 4143 1024 4196; x_wconf 86' lang='lat' dir='ltr'><strong>de</strong></span> <span class='ocrx_word' id='word_1_371' title='bbox 1032 4142 1098 4191; x_wconf 86' lang='lat' dir='ltr'><strong>l’une</strong></span> <span class='ocrx_word' id='word_1_372' title='bbox 1106 4153 1138 4189; x_wconf 88' lang='lat' dir='ltr'><strong>ou</strong></span> <span class='ocrx_word' id='word_1_373' title='bbox 1149 4139 1181 4189; x_wconf 85' lang='lat' dir='ltr'><strong>de</strong></span> <span class='ocrx_word' id='word_1_374' title='bbox 1188 4138 1276 4188; x_wconf 70' lang='lat' dir='ltr'><strong>l&#39;eutm</strong></span> 
     </span>
     <span class='ocr_line' id='line_1_40' title="bbox 161 4218 1276 4292; baseline -0.012 -12"><span class='ocrx_word' id='word_1_375' title='bbox 161 4228 194 4280; x_wconf 79' lang='lat' dir='ltr'><strong>tte</strong></span> <span class='ocrx_word' id='word_1_376' title='bbox 209 4241 252 4279; x_wconf 87' lang='lat' dir='ltr'><strong>ces</strong></span> <span class='ocrx_word' id='word_1_377' title='bbox 269 4228 405 4292; x_wconf 68' lang='lat' dir='ltr'><strong>domnum,</strong></span> <span class='ocrx_word' id='word_1_378' title='bbox 421 4241 495 4292; x_wconf 82' lang='lat' dir='ltr'><strong>perce</strong></span> <span class='ocrx_word' id='word_1_379' title='bbox 512 4240 561 4291; x_wconf 79' lang='lat' dir='ltr'><strong>que</strong></span> <span class='ocrx_word' id='word_1_380' title='bbox 581 4227 696 4278; x_wconf 84' lang='lat' dir='ltr'><strong>t’tromme</strong></span> <span class='ocrx_word' id='word_1_381' title='bbox 710 4226 865 4277; x_wconf 76' lang='lat' dir='ltr'><strong>exterieuret</strong></span> <span class='ocrx_word' id='word_1_382' title='bbox 875 4226 950 4276; x_wconf 80' lang='lat' dir='ltr'><strong>sociat</strong></span> <span class='ocrx_word' id='word_1_383' title='bbox 961 4237 987 4274; x_wconf 87' lang='lat' dir='ltr'><strong>se</strong></span> <span class='ocrx_word' id='word_1_384' title='bbox 998 4221 1098 4272; x_wconf 79' lang='lat' dir='ltr'><strong>canduit</strong></span> <span class='ocrx_word' id='word_1_385' title='bbox 1108 4233 1139 4271; x_wconf 83' lang='lat' dir='ltr'><strong>en</strong></span> <span class='ocrx_word' id='word_1_386' title='bbox 1149 4218 1276 4270; x_wconf 76' lang='lat' dir='ltr'><strong>definitive</strong></span> 
     </span>
     <span class='ocr_line' id='line_1_41' title="bbox 162 4306 827 4374; baseline -0.005 -16"><span class='ocrx_word' id='word_1_387' title='bbox 162 4306 259 4374; x_wconf 74' lang='lat' dir='ltr'><strong>c’epres</strong></span> <span class='ocrx_word' id='word_1_388' title='bbox 270 4309 386 4362; x_wconf 79' lang='lat' dir='ltr'><strong>t’tiomme</strong></span> <span class='ocrx_word' id='word_1_389' title='bbox 396 4309 514 4360; x_wconf 76' lang='lat' dir='ltr'><strong>interieur</strong></span> <span class='ocrx_word' id='word_1_390' title='bbox 523 4307 546 4357; x_wconf 88' lang='lat' dir='ltr'><strong>et</strong></span> <span class='ocrx_word' id='word_1_391' title='bbox 556 4306 691 4370; x_wconf 66' lang='lat' dir='ltr'><strong>spirituc.»</strong></span> <span class='ocrx_word' id='word_1_392' title='bbox 701 4307 759 4368; x_wconf 70' lang='lat' dir='ltr'><strong>Peg.</strong></span> <span class='ocrx_word' id='word_1_393' title='bbox 777 4312 827 4355; x_wconf 76' lang='lat' dir='ltr'><strong>tto.</strong></span> 
     </span>
    </p>
   </div>
   <div class='ocr_carea' id='block_1_4' title="bbox 0 0 1443 5062">
    <p class='ocr_par' dir='ltr' id='par_1_6' title="bbox 0 0 1443 5062">
     <span class='ocr_line' id='line_1_42' title="bbox 0 0 1443 5062; baseline 0 0"><span class='ocrx_word' id='word_1_394' title='bbox 0 0 1443 5062; x_wconf 95' lang='lat' dir='ltr'><strong> </strong></span> 
     </span>
    </p>
   </div>
  </div>
 </body>
</html>
