2872 5062
230 347 611 398 enarratiunculam
625 347 1083 399 ssusnnutrncruinuru.
1168 311 1249 398 391'

125 491 200 540 rum
213 466 415 565 [iterumque
431 464 476 537 ab
492 464 692 538 oratoribus
707 465 800 538 vario
825 463 889 537 sub
915 479 1054 563 aspectu
1082 468 1240 564 proposi-

125 598 197 654 tum
222 581 298 654 tuit.
960 634 963 641 »
1174 651 1176 656 ,

187 685 242 769 ,At
267 694 380 792 regius
405 695 481 793 ipse
506 694 659 768 minister
683 694 781 792 plura
807 693 1160 795 protulit‘theologica
1185 723 1240 769 ar,

125 828 299 908 gumenta.
320 811 522 885 Matrimonii
548 809 766 898 vocabulum,
795 810 925 909 inquit,
946 809 1114 909 duplicem
1141 837 1239 909 prae-

124 928 227 1002 selert
237 955 397 1002 sensum.
419 926 591 1023 Significat
607 926 697 998 enim
715 926 825 1024 primo
842 926 904 999 viri
918 951 958 997 ac
969 926 1121 998 mulieris
1140 927 1238 1000 unio·

124 1070 199 1117 nem
227 1061 422 1144 perpetuam
451 1058 553 1142 atque
577 1041 778 1139 legitimam3
800 1041 933 1114 actalia
958 1056 1010 1114 est
1035 1068 1175 1128 sensus,
1204 1042 1238 1113 in

122 1185 192 1258 quo
209 1186 232 1232 a
248 1156 525 1257 legumlatoribus
549 1156 752 1228 matrimonii
778 1182 900 1229 nomeu
926 1173 1119 1256 usurpatur.
1143 1155 1240 1230 'Alter

122 1291 175 1347 est
200 1283 323 1347 seusus
348 1271 549 1368 religiosus,
578 1271 638 1342 sed
664 1270 721 1342 hic
747 1287 799 1345 est
823 1270 961 1344 additus
987 1271 1110 1370 priori,
1136 1288 1239 1370 ‚prout

123 1405 258 1470 constat
289 1415 331 1461 ex
362 1387 450 1486 ipsis
480 1386 720 1473 catechismis,
758 1387 850 1459 iuxta
871 1413 962 1487 ‚quos
988 1387 1238 1461 matrimonium

123 1513 450 1590 est'sacramentum,
471 1502 562 1602 quod
583 1505 764 1601 coniupotr's
782 1503 924 1599 gratiam
941 1504 1088 1591 confert,
1108 1521 1146 1576 ut
1162 1530 1240 1603 pro·

123 1620 189 1720 prii
215 1636 323 1694 status
348 1619 571 1717 obligationes
588 1620 650 1692 rite
667 1619 762 1694 obire
779 1620 921 1718 possint.
944 1622 1016 1693 lam
1039 1647 1136 1707 vero,
1157 1647 1237 1692 num

122 1741 229 1809 ex'eo
253 1736 346 1835 quod
370 1735 584 1808 matrimonio
609 1735 700 1809 cirili
725 1735 892 1809 adiectum
912 1736 957 1809 sit
975 1751 1233 1822 sacramentum,

128 1851 346 1950 consequitur
360 1850 444 1922 illud
463 1849 585 1923 subiici
603 1850 778 1925 absolutae
803 1851 964 1925 ecclesiae
990 1849 1238 1924 iurisdictioni?

183 1969 392 2040 Praeterea:
409 1967 586 2066 principes
612 1965 767 2039 infideles
791 1967 828 2039 in
853 1968 1065 2042 matrimonia
1089 1982 1238 2065 potesta-

122 2098 191 2155 tem
216 2081 499 2155 habebant:·imo
512 2108 586 2155 eam
604 2080 716 2154 adhuc
733 2083 876 2155 retinent
900 2083 1085 2181 principes,
1105 2082 1163 2182 qui
1182 2107 1236 2155 se-

125 2197 234 2294 parati
260 2212 339 2269 sunt
363 2195 408 2268 ab
432 2195 588 2270 ecclesia.
610 2195 795 2268 Eccurnam
822 2196 925 2292 igitur
945 2223 987 2269 ea
1012 2196 1236 2269 destituentur

123 2311 297 2410 principes
321 2308 509 2384 catholici?
567 2352 570 2358 -

174 2443 177 2450 '
197 2427 379 2523 Fingamus
396 2426 514 2522 (liceat
530 2427 614 2498 mihi
633 2453 814 2526 parumper
832 2426 1012 2527 hypothesi
1030 2425 1099 2512 uti,
1115 2450 1236 2525 quam·

122 2540 246 2614 tumvis
272 2540 550 2614 absurda'videri
576 2542 708 2639 possit)
737 2542 864 2615 nullam
890 2543 1032 2615 existere
1061 2540 1235 2617 revelatio-

124 2682 222 2741 nem;
250 2665 284 2727 c't
309 2654 415 2727 solam
442 2670 556 2727 extare
580 2655 670 2730 circa
695 2657 833 2756 nuptias
858 2655 963 2754 legem
983 2655 1127 2729 civilem.
1145 2656 1233 2753 Sup-

123 2798 288 2871 ponamus
305 2772 414 2845 Deum
432 2771 669 2846 revelationem
695 2773 880 2872 impertiri,
902 2786 1004 2872 atque
1022 2773 1165 2846 edicere:
1187 2773 1235 2845 lis

125 2887 340 2988 qninuptias
357 2886 481 2959 debitis
499 2887 603 2959 animi
622 2887 903 2987 dispositionibus
921 2887 1157 2973 celebrabunt,
1174 2911 1239 2982 ego,

114 3001 267 3100 gratiam
287 3001 476 3089 'conseram
496 3029 565 3100 que
589 3003 706 3098 gravia
731 3003 852 3077 obeant
877 3003 1127 3102 officia,1quae
1155 3001 1236 3075 huic

123 3118 212 3191 ritae
232 3117 419 3190 conditioni
446 3117 577 3190 adnexa
607 3133 697 3189 sunt.
726 3118 906 3214 Fingamus
931 3117 1081 3189 divinum
1108 3114 1235 3189 revela-

110 3232 225 3306 ·tiouis
249 3248 419 3306 auctorem
446 3232 576 3306 caelum
602 3250 767 3332 repetere,
796 3259 836 3306 ac
861 3232 1051 3332 relinquere
1077 3231 1174 3305 hisce
1198 3230 1232 3302 in

121 3346 483 3420 terrissacerdotium.
513 3346 547 3417 Si
575 3346 771 3420 huiusmodi
804 3346 1029 3420 secerdotium
1061 3346 1231 3420 ediceret:

123 3461 396 3562 «llihi=qnidem,
413 3461 496 3534 mihi
510 3462 575 3535 soli
586 3463 642 3535 ius
656 3478 708 3536 est
720 3463 848 3536 ferendi
862 3462 954 3559 leges
968 3463 1057 3536 circa
1074 3462 1229 3563 nuptias3

117 3577 300 3651 decernere
322 3578 463 3676 quinam
488 3575 622 3650 habiles
648 3578 738 3665 sint,
758 3579 899 3678 quinam
916 3578 1099 3667 inhabiles,
1120 3562 1234 3651 adme

117 3709 249 3793 spectat
264 3693 415 3766 iudicare
425 3722 463 3780 ;»
480 3692 509 3766 si
527 3693 753 3766 sacerdotium
765 3693 852 3767 haec
864 3694 1030 3791 exigeret,
1052 3694 1233 3792 putatisne

117 3807 210 3906 quod
225 3808 392 3882 eiusmodi
409 3809 600 3883 exactiones
619 3810 936 3909 assumptioncsque
953 3806 1233 3882 admitterentur?

118 3922 284 3995 Nimirum
293 3924 588 4021 responderemus.
604 3924 714 4010 Quum
729 3924 817 3998 lacta
831 3925 894 3997 fuit
907 3924 1063 4000 revelatio
1075 3924 1117 3995 ad
1131 3950 1231 4022 quam

117 4053 148 4108 et
171 4064 231 4109 nos
254 4046 401 4135 spectare
425 4041 634 4136 gloriamur,
664 4040 751 4111 nihil
775 4041 933 4140 potestati
957 4039 1148 4138 principum
1174 4037 1234 4109 de-

118 4169 263 4227 tractum
286 4171 349 4227 est.
380 4155 415 4225 Si
445 4155 638 4251 coniugium
664 4165 898 4229 consecratum
924 4171 976 4228 est
1000 4181 1021 4225 a
1045 4154 1136 4241 Deo,
1164 4179 1231 4226 nou

117 4268 194 4342 ideo
220 4268 283 4342 hac
307 4270 349 4342 de
374 4295 478 4370 causa
504 4271 699 4367 coniugium
725 4272 872 4346 cessavit
889 4270 932 4344 ad
952 4285 1076 4344 statum
1098 4269 1229 4344 civilem
