2872 5062
211 345 1148 403 cir.rv.nxmnoano.cremerenmrnuare.aaron.
1196 325 1264 397 127

165 469 323 543 eramenti
348 467 433 541 ratio
458 467 549 541 iuxta
573 493 639 541 non
664 492 790 566 paucos
808 463 979 562 theologos
996 468 1069 561 (36)
1090 463 1270 540 habebitur

163 583 300 682 quidem
324 607 365 655 ex
390 597 484 681 parte
508 581 696 670 catholica,
725 609 791 656 non
816 596 926 654 autem
952 605 993 654 ex
1018 578 1199 654 haeretica.
1228 580 1267 653 ln

164 697 228 770 hac
251 722 331 771 vero
359 695 540 796 hypothesi
565 722 619 770 res
645 695 869 782 sacramenti,
898 711 1061 795 quaeest
1086 682 1270 768 indissolu-

164 808 276 883 bilitas
294 809 385 882 iuxta
402 836 433 895 s,
449 809 671 907 Augustinum
687 811 776 905 (37),
793 809 922 906 exurgit
938 834 998 908 per
1014 807 1149 880 modum
1166 807 1268 881 unius

164 925 198 998 in
214 924 381 999 eiusmodi
398 924 584 1013 connubio,
604 924 651 998 ita
670 941 710 1000 ut
734 950 914 1024 numquam
939 923 1118 998 dissociari
1144 922 1264 1023 possit.

162 1039 280 1113 Verum
302 1038 346 1112 de
365 1039 430 1113 hoc
453 1038 538 1114 alias
563 1039 693 1113 iterum.
944 1096 947 1101 .

236 1157 270 1226 2.
292 1155 390 1240 Quod
407 1181 486 1230 uero
502 1153 626 1230 dicitur
637 1155 680 1229 dc
692 1154 813 1255 copula
830 1155 1003 1255 sponsalia
1022 1154 1263 1254 subsequente,

165 1296 232 1370 qua
256 1286 334 1344 ante
358 1270 573 1344 tridentinum
600 1271 870 1370 praesumptione
894 1271 977 1344 iuris
994 1287 1029 1344 et
1044 1269 1083 1344 de
1100 1273 1170 1344 iore
1192 1297 1269 1370 per·

165 1385 609 1473 licereturmatrimonium,
630 1412 695 1460 nco
713 1384 825 1460 obstat
847 1386 1028 1484 quominus
1054 1385 1269 1484 perficeretur

164 1502 262 1575 eiam
277 1508 534 1576 sacramentum.
546 1502 628 1574 Nam
640 1501 688 1574 uti
702 1500 933 1575 animaduertit
941 1500 1162 1574 bellarminus
1174 1502 1265 1597 (38),

165 1641 222 1714 per
250 1631 421 1690 externam
450 1631 484 1690 et
511 1615 717 1691 materialem
747 1615 839 1689 illam
872 1616 992 1690 affectu
1024 1615 1167 1695 maritali
1192 1641 1269 1688 con-

164 1728 366 1805 iunctionem
383 1729 526 1805 habetur
541 1729 918 1831 materiale-symbolum
937 1745 1109 1803 externum
1135 1755 1268 1829 reprae-

166 1861 303 1919 sentans
322 1843 445 1918 Christi
464 1862 497 1919 ct
512 1844 674 1920 ecclesiae
694 1843 962 1942 indissolubilem
983 1843 1263 1919 coniunctionem.

166 1957 375 2060 Quapropter
397 1960 428 2033 si
448 1959 618 2034 'eiusmodi
650 1960 895 2036 cohabitatione
917 1976 952 2034 et
975 1959 1132 2034 societate
1163 1959 1269 2053 initur

166 2088 354 2146 contractus
378 2072 588 2171 coniugalis,
617 2074 681 2148 hoc
706 2073 781 2174 ipso
797 2074 836 2148 iit
852 2090 1116 2161 sacramentum,
1137 2074 1200 2147 etsi
1218 2073 1267 2147 el·

165 2187 304 2276 lectum,
332 2214 393 2263 sen
423 2189 696 2265 sacramentalem
728 2189 891 2288 gratiam,
919 2192 977 2288 qui
1003 2189 1049 2262 ita
1074 2189 1266 2286 coniugium

166 2300 298 2390 ineunt,
326 2303 461 2377 nonnisi
486 2320 610 2378 remoto
634 2303 730 2377 obice
753 2318 1001 2403 consequantur
1016 2305 1106 2398 (et).

234 2419 270 2488 3.
297 2416 428 2495 Exinde
451 2417 551 2493 etiam
577 2434 668 2518 patet
691 2418 814 2492 solutio
838 2417 911 2491 eius
935 2416 1157 2506 difficultatis,
1179 2444 1269 2518 quae¹

166 2533 257 2607 tertio
282 2531 357 2621 loco
380 2533 557 2608 adducitur
572 2534 816 2632 tle-coniugiis,
837 2561 925 2634 quae
940 2560 982 2607 ex
1001 2534 1159 2608 diuturno
1183 2535 1269 2617 due

165 2673 235 2719 rum
252 2646 506 2751 cohabitatione²
517 2648 696 2723 oriebatur.
713 2648 885 2748 Siquidem
896 2649 931 2721 id
944 2676 984 2722 ex
1002 2649 1119 2724 eadem
1137 2650 1267 2724 theoria

113 2825 116 2834 .
164 2761 261 2836 modo
286 2763 437 2863 exposita
461 2762 608 2862 legitime
631 2764 858 2864 consequitur.
876 2764 959 2838 Cum
984 2765 1072 2838 enim
1090 2781 1209 2863 agatur
1225 2765 1268 2839 de

164 2901 303 2949 casum
324 2877 514 2967 identitate,
534 2895 593 2952 aut
617 2906 677 2978 per
701 2879 873 2962 eiusmodi,
890 2879 1171 2954 cohabitationem
1188 2906 1268 2955 con-

164 3007 288 3066 tractus
312 2992 499 3092 coniugalis
527 2993 783 3082 interveniebat,
804 3011 837 3069 et
859 3021 900 3068 eo
924 2996 1000 3095 ipso
1024 3010 1267 3068 sacramentum

163 3107 362 3200 matrimonii
384 3107 727 3197 conficiebatur,.aut
742 3111 799 3183 ille
815 3126 1004 3185 contractus
1029 3135 1095 3182 non
1121 3109 1270 3184 habeba-

231 3311 282 3375 (ae)
299 3312 331 3362 iii
343 3314 402 3363 runt
412 3313 455 3377 qui
467 3315 550 3365 tenent
560 3315 733 3385 conmatrenteq
743 3328 795 3366 osse
808 3315 952 3367 sacramenti
966 3313 1115 3365 matrimonii
1127 3313 1268 3376 ninistroe3

161 3389 322 3457 docmtpnim
332 3393 445 3457 wniugia
460 3393 538 3446 mixta
547 3408 605 3446 rora
615 3409 668 3447 esse
677 3398 841 3464 sacramenta,
849 3408 879 3445 ac
888 3395 999 3462 sufficere
1009 3407 1038 3445 er
1049 3398 1118 3458 perte
1129 3393 1268 3456 haeretica,

162 3471 188 3520 ut
203 3466 294 3539 habeat
310 3472 470 3524 intentionem
487 3475 625 3539 praestandi
641 3474 708 3540 qnod
722 3474 833 3527 christus
846 3472 961 3524 instituit.
973 3473 1042 3524 torta
1053 3473 1114 3523 alios
1124 3471 1184 3523 setis
1193 3473 1231 3523 est
1240 3474 1282 3538 ut,

159 3547 316 3602 hieotionem
336 3544 424 3603 hebeat
443 3552 546 3604 faciendi
565 3555 716 3604 contractum
728 3567 785 3605 rere
798 3551 1010 3603 matrimonialem.

229 3629 282 3693 (π)
298 3631 336 3680 De
348 3630 413 3683 hono
422 3632 556 3697 contuenti
567 3635 743 3698 uap.xxtv.et
751 3632 864 3684 tibive
872 3634 981 3696 nuptct
990 3634 1136 3695 concupisc.
1144 3644 1167 3681 c.
1175 3635 1238 3684 xm.
1247 3638 1268 3684 t.

228 3707 279 3773 (ee)
293 3711 330 3760 ne
344 3711 450 3763 namn.
460 3725 484 3762 c.
494 3714 537 3763 vl.

231 3787 283 3850 (te)
299 3789 329 3838 ln
345 3788 483 3853 regionibus
502 3789 639 3843 infidelium
655 3791 789 3842 ammaum
809 3791 892 3843 vetent
908 3789 1063 3845 matrimonia
1080 3789 1115 3840 ita
1134 3789 1268 3840 contractu.

158 3865 253 3917 Etenim
261 3865 290 3916 in
298 3865 393 3936 synodo
400 3868 544 3933 provinciali
551 3870 701 3934 sotchuenat,
708 3870 828 3922 celebrata
839 3883 879 3921 an.
889 3869 1074 3936 mce.,promu
1083 3881 1174 3920 assera
1182 3879 1266 3931 congr.

156 3943 187 3996 de
194 3945 355 4011 propaganda
365 3945 428 4012 tide,
440 3961 470 3999 ac
478 3951 570 4000 Romae
581 3949 645 4015 typis
656 3951 771 4003 mandata
781 3965 821 4001 an.
835 3958 903 4002 1822.
914 3952 1033 4002 statutum
1039 3950 1090 4013 est,
1101 3947 1224 4011 sponsalia
1235 3947 1269 3998 oh

156 4026 269 4089 copulam
280 4027 345 4078 inter
354 4040 458 4092 sponsos
469 4043 499 4081 ex
511 4029 600 4080 aiiectu
613 4031 734 4094 maritali,
746 4032 773 4080 ut
784 4031 809 4081 in
821 4031 896 4081 dubio
907 4028 1028 4094 praecurri
1040 4029 1132 4094 potest,
1143 4026 1168 4087 ip
1180 4026 1267 4092 puber·

156 4103 212 4155 tutis
221 4107 312 4170 actem,
322 4109 421 4159 autnon
430 4108 539 4173 longeab
548 4122 590 4174 ea,
600 4109 694 4160 malitia
702 4111 830 4175 supplente
840 4111 957 4173 rehtero,
968 4108 1132 4170 subsecutam,
1140 4109 1167 4158 in
1175 4119 1268 4158 ceruos

156 4187 357 4239 momontum
370 4188 503 4250 transire,-
520 4201 565 4241 nec
581 4189 683 4255 proinde
698 4189 771 4241 licere
789 4189 898 4263 alterutri
915 4202 1005 4256 sponso
1015 4188 1076 4240 ultas
1086 4186 1267 4253 iuironupties.

158 4269 193 4319 lta
203 4281 260 4334 pag.
272 4270 326 4320 tut.
