2872 5062
352 387 420 437 CAP.
437 387 484 435 lll.
502 386 541 434 DE
559 385 690 434 ullam.
713 385 825 436 elvuls
851 359 941 434 luda.
963 369 1032 434 ΔΒΤῘ
1056 387 1078 435 l.
1204 365 1273 435 297

233 507 364 578 Primus
385 504 530 602 gradus,
552 504 587 574 iu
605 529 673 602 quo
690 529 767 575 sese
792 503 857 603 ipsi
884 501 1089 576 collocarunt
1104 519 1143 576 ut
1158 504 1192 576 id
1211 506 1271 578 ob·

157 624 320 706 tinemut,
342 620 406 693 luit
430 618 510 705 illa,
537 645 638 717 quam
664 618 873 691 tolerantiam
899 619 1123 692 universalem
1141 645 1181 692 ac
1197 646 1274 694 eon-

159 736 321 811 scientiae
339 734 527 808 libertatem
548 749 683 821 vocant,
704 749 870 832 quatenus
898 749 1074 833 supremus
1100 734 1272 832 legislator

159 851 382 950 adstringitur
406 876 523 925 omnes
548 877 589 923 ex
615 875 740 949 aequo,
761 876 801 923 ac
819 849 1115 923 indiscriminatim
1140 851 1273 925 eonles-
1324 845 1326 850 ¹

158 970 273 1042 sioues
291 967 356 1040 sub
374 965 559 1066 patrocinio
585 992 647 1038 suo
673 965 822 1063 recipere
847 980 948 1064 atque
973 967 1097 1053 tutari,
1126 965 1210 1040 adeo
1235 983 1273 1041 ut

158 1085 233 1184 pari
250 1083 351 1157 modo
368 1097 495 1181 spectet
512 1081 762 1180 anabaptistae,
791 1096 1036 1180 protestantes,
1064 1081 1269 1171 catholicos,

158 1199 298 1272 iudaeos
310 1215 375 1271 etc:
392 1196 575 1270 dummodo
592 1195 716 1270 civium
734 1195 852 1267 munia
870 1196 933 1268 rite
950 1196 1083 1269 obeant.
1100 1197 1164 1270 Ubi
1181 1196 1273 1270 hunc

157 1314 303 1414 primum
335 1310 477 1410 gradum
511 1310 736 1384 ascenderunt
762 1310 861 1383 lacile
891 1311 941 1383 eis
972 1310 1035 1384 luit
1063 1311 1273 1385 adulterum

158 1429 361 1527 transgredi,
381 1428 471 1527 quod
492 1427 620 1501 scilieet
638 1426 807 1524 legislatio
833 1429 972 1526 sapiens
990 1454 1031 1500 ae
1047 1428 1197 1526 prudens
1215 1427 1274 1502 de-

157 1546 236 1618 beat
259 1544 395 1618 omnino
417 1545 452 1615 in
471 1543 616 1617 subditis
634 1543 830 1617 abstrahere
847 1542 891 1616 ab
901 1543 1072 1631 'elemento
1098 1543 1270 1642 religioso.

157 1659 242 1733 Cum
267 1685 347 1733 vero
369 1658 487 1754 religio
512 1658 707 1732 relationem
733 1658 856 1731 habeat
873 1657 917 1731 ad
934 1658 1062 1745 Deum,
1091 1659 1212 1734 exinde
1229 1661 1272 1732 ad

112 1762 115 1767 ¹
158 1774 293 1847 tertium
310 1773 451 1869 gradum
469 1787 615 1846 ventum.
630 1788 706 1858 est,
735 1787 772 1845 ut
797 1772 926 1846 scilicet
951 1772 1210 1871 praescindatur
1236 1775 1271 1846 in

158 1887 231 1986 lege
248 1915 271 1960 a
286 1888 356 1960 Deo
381 1888 477 1985 ipso,
505 1913 546 1960 ex
571 1913 640 1986 qua
666 1886 803 1985 periodo
828 1913 890 1960 nec
906 1887 967 1960 Dei
986 1914 1107 1962 nomeu
1124 1889 1272 1991 amplius

159 2003 323 2076 insertum
335 2003 371 2074 iu
389 2002 504 2075 codice
521 2010 592 2088 est,
612 2028 722 2100 neque
739 2028 779 2074 ex
796 2001 857 2074 Dei
876 2004 1011 2076 nomine
1028 2018 1061 2076 et
1077 2005 1274 2079 auctoritate

158 2118 435 2216 leges'atatutae.
486 2179 487 2185 ,
584 2180 585 2184 ,

165 2296 171 2306 .
232 2233 476 2307 Huc'humana
492 2260 532 2307 ac
549 2249 680 2307 terrena
702 2234 868 2334 sapientia
881 2263 985 2336 quum
997 2238 1136 2322 venerit,
1157 2261 1274 2309 omnes
1307 2307 1309 2310 Α

158 2375 258 2423 curas
284 2355 324 2423 au
349 2349 464 2422 studia
488 2349 651 2422 convertit
672 2348 715 2421 ad
737 2349 957 2439 industriam,
978 2350 1215 2424 commercium
1234 2375 1275 2423 ae

133 2464 359 2564 temporalia
383 2465 559 2538 commoda
584 2465 683 2538 unice
708 2465 949 2564 provehenda,
978 2466 1061 2565 quin
1085 2465 1273 2541 velnbilum

157 2580 260 2655 faeiat
285 2579 462 2681 spirituale
486 2578 610 2651 civium
639 2579 781 2667 bouum,
814 2580 868 2653 vel
897 2581 940 2654 de
965 2607 1005 2654 eo
1034 2580 1080 2653 sit
1104 2579 1270 2668 sollicita,

157 2694 250 2795 quod
265 2692 319 2768 vel
340 2694 503 2795 praecipit
520 2693 573 2767 vel
593 2710 683 2768 vetat
699 2695 885 2769 christiana
903 2694 1033 2793 religio.
1051 2695 1140 2782 Quin
1159 2697 1274 2795 potius

158 2839 235 2887 eam
247 2837 315 2886 uon
327 2810 430 2886 semel
445 2818 617 2911 tamquam
637 2812 849 2887 obstaculum
871 2828 1002 2912 spectat
1021 2814 1172 2912 supremi
1192 2813 1272 2886 boni

159 2929 209 2999 in'
222 2927 284 3000 his'
302 2927 400 3000 terris
426 2927 673 3000 assecutionem
699 2927 910 3027 impediens,
930 2927 1040 3001 eidem
1057 2927 1181 3001 bellum
1200 2929 1274 3001 sire

157 3041 326 3118 occultum
356 3043 429 3116 sire
462 3059 614 3141 apertum
645 3043 834 3117 indixitad
859 3043 942 3116 illud
969 3043 1206 3136 removendum
1232 3068 1273 3115 ae
1344 3140 1346 3145 Δ

159 3161 298 3258 penitus
323 3156 580 3232 eliminandum.
596 3157 682 3231 Cum
708 3175 819 3232 autem
835 3157 1019 3246 catholici,
1030 3162 1141 3256 'prout
1156 3156 1200 3230 ab
1217 3183 1273 3231 ec-

159 3274 264 3348 clesia
289 3273 397 3348 edocti
416 3290 514 3362 suut,
537 3279 733 3374 supremum
758 3274 883 3347 bouum
904 3299 1003 3346 suum
1021 3274 1140 3346 nonin
1158 3273 1269 3360 terris,

159 3389 219 3463 sed
245 3388 290 3460 in'
307 3387 412 3462 coelis
447 3390 632 3487 repositum
665 3414 743 3463 esse
773 3388 936 3474 credant3'
965 3385 1212 3487 illudquenon
1237 3388 1272 3460 in

157 3504 226 3576 vita
253 3503 385 3602 fugacis
412 3487 573 3602 temporis
598 3503 721 3592 huius,
742 3503 803 3577 sed
821 3503 856 3575 iu
874 3502 979 3576 altera
1004 3529 1113 3602 eaque
1137 3519 1273 3577 aeterna

157 3619 298 3718 assequi
325 3618 550 3706 contendant,
571 3645 671 3693 secus
690 3627 730 3693 ae
747 3618 811 3706 illi,
833 3620 1005 3719 quispam
1031 3624 1098 3693 nou
1124 3618 1270 3706 habent,

157 3735 375 3836 quiquetoti
400 3735 619 3809 effunduntur
644 3735 679 3807 in
704 3735 920 3809 terrestribus
945 3735 1044 3809 bonis
1069 3735 1170 3807 unice
1195 3758 1273 3832 prou

159 3849 345 3949 sequendis
361 3858 586 3950 'quocumque
611 3850 748 3923 demum
774 3851 945 3950 praesidio
965 3850 1000 3924 id
1013 3849 1171 3950 ¹possiut;
1193 3847 1274 3920 hinc

159 3963 353 4039 necessario
380 3965 436 4051 lit,
458 3980 496 4038 ut
515 3964 789 4064 pseudo-politici
815 3963 1017 4052 catholicos,
1047 3978 1210 4063 quantum
1238 3963 1272 4033 in

157 4147 1275 4260 umumononerraeuuasurannapoteremur,racinaopranreanaamo

159 4264 200 4316 del
211 4267 341 4318 statuane
350 4265 368 4317 il
378 4268 578 4333 contemptarloe
588 4267 727 4332 benedirlo,
738 4282 764 4320 se
773 4282 804 4320 ne
815 4263 1275 4321 fosserieureu.«1stuanontueue

161 4342 317 4419 leuel‘ctulll
327 4346 372 4399 usi
382 4358 463 4411 reouo
475 4347 505 4399 at
515 4346 620 4413 Nopolt.
629 4349 721 4412 Nepoti
735 4353 803 4405 rtet.
818 4348 869 4413 vol.
881 4349 900 4415 1,
912 4359 968 4412 pag.
980 4344 1087 4410 astam.
1215 4345 1219 4350 '
