2872 5062
236 360 306 430 ito
430 382 490 428 nm.
513 381 536 428 v.
560 381 644 429 scer.
668 381 797 430 aarum.
819 382 858 429 os
877 382 1008 431 niuniu.
1029 382 1136 433 ervru.

234 500 345 597 ipsum
373 495 514 592 gliscere
539 498 686 596 eoeperit
712 497 884 595 religionis
909 515 1137 597 contemptus,
1165 515 1224 572 aut
1246 500 1349 573 indii-

233 611 374 686 ierentia
398 611 543 700 saltem,
573 612 631 684 ubi
655 613 746 711 leges
772 613 815 685 ab
839 641 878 686 eo
904 614 1209 713 parvipendantur,
1231 616 1350 689 simul·

233 739 386 826 tatesque
407 743 441 799 et
465 727 627 801 sactiones
646 730 680 799 in
699 755 774 801 eum
801 729 1016 828 irrepserint,
1038 728 1096 800 ubi
1114 728 1251 828 publica
1269 756 1349 804 con-

235 843 384 915 culcetur
407 867 536 914 morum
561 843 738 930 honestas,
759 870 798 917 ac
816 844 978 917 novitates
1004 860 1233 943 aucupentur,
1262 872 1349 945 quac

232 958 324 1032 vitiis
336 957 566 1044 blandiuntur,
576 958 741 1032 eiusmodi
757 958 901 1059 populus
913 960 1175 1059 contemptibilis
1188 961 1238 1048 fit,
1247 977 1348 1060 atque

234 1099 331 1146 nsua
344 1073 494 1147 deiectus
514 1074 674 1170 dignitate
696 1075 739 1147 ab
758 1074 915 1148 omnibus
932 1074 1075 1147 habetur
1091 1076 1265 1158 ruinaoac
1283 1076 1350 1150 dis

234 1188 393 1263 solutioni
413 1189 596 1287 proximus,
617 1215 825 1288 vergensque
842 1190 884 1261 ad
902 1190 1072 1262 interitum
1089 1193 1176 1286 (bl).
1193 1191 1348 1263 Genuum

232 1305 382 1376 omnium
402 1303 543 1377 historia
560 1304 663 1377 huius
680 1305 829 1378 veritatis
843 1305 1069 1378 testimonium
1091 1305 1240 1405 praebet.

307 1419 381 1504 Quo
408 1420 604 1517 praestituto
630 1420 813 1520 principio,
835 1420 864 1492 si
885 1419 1043 1518 probetur
1060 1446 1120 1518 per
1137 1419 1251 1493 civilia
1268 1447 1348 1494 con-

235 1533 328 1632 iugia
353 1560 482 1609 morum
507 1534 675 1608 licentiam
702 1535 837 1620 inferri,
863 1561 902 1606 ac
924 1551 1101 1634 propterea
1119 1535 1293 1632 religionis
1310 1563 1349 1609 ae

233 1648 345 1748 legum
367 1665 616 1748 contemptum,
647 1649 834 1748 proculcari
861 1650 1031 1747 publicam
1050 1650 1260 1723 honestatem
1281 1679 1349 1723 una

233 1791 308 1838 cum
330 1765 449 1838 ceteris
471 1766 700 1852 consectariis,
717 1792 804 1866 quae
816 1767 915 1839 modo
929 1767 1179 1853 recensuimus,
1196 1767 1275 1866 quis
1289 1767 1349 1839 ibit

236 1879 368 1954 inficias
390 1881 561 1954 societatis
584 1907 623 1953 ac
643 1882 791 1955 familiae
817 1881 1072 1955 dissolutionem
1099 1883 1253 1955 effectum
1280 1884 1349 1957 iore

235 1998 462 2071 necessarium
488 1997 653 2072 eiusmodi
680 1998 788 2071 civilis
814 1998 974 2098 nuptialis
999 1998 1175 2070 foederis?
1200 1997 1261 2070 Ast
1286 1998 1348 2071 boe

224 2129 307 2200 est,
329 2113 417 2213 quod
441 2112 603 2187 hacteuus
622 2114 789 2212 prosecuti
810 2139 947 2199 sumus,
969 2113 1052 2212 quin
1070 2139 1156 2212 opus
1175 2108 1220 2185 sit
1231 2113 1346 2186 eadem

234 2229 371 2302 aliunde
387 2228 520 2302 iterare.
538 2229 701 2301 Nimirum
719 2229 809 2302 civili
829 2230 892 2302 hoc
910 2228 1042 2301 loedere
1060 2227 1163 2300 semel
1180 2228 1344 2314 admisso,

235 2361 347 2418 actum
373 2359 424 2418 est
453 2345 496 2416 de
523 2345 696 2416 sanctitate
721 2344 887 2440 coniugii3
918 2358 1028 2416 aetum
1054 2360 1105 2417 est
1130 2343 1173 2415 de
1197 2343 1345 2416 eiusdem

235 2458 550 2558 indissolubilitate;
573 2459 683 2531 aditus
712 2459 905 2558 peramplus
930 2458 1056 2558 patebit
1080 2459 1284 2531 successivis
1302 2459 1348 2528 di-

232 2575 373 2660 vortiis,
409 2601 449 2646 ac
484 2575 620 2672 saepius
655 2573 863 2673 polygamiae
899 2574 1148 2660 simultaneae;
1183 2573 1238 2646 via
1264 2589 1346 2646 stor-

234 2688 324 2762 nitur
341 2687 545 2763 omnimodis
572 2689 727 2784 flagitiis;
757 2704 868 2760 actum
893 2705 944 2761 est
967 2689 1010 2761 de
1034 2687 1191 2784 religiosa
1218 2712 1259 2760 ac
1287 2688 1346 2759 bo

232 2820 332 2877 nesta
359 2804 542 2878 liberorum
560 2803 788 2888 institutione3
810 2819 921 2875 actum
938 2816 990 2875 est
1006 2803 1048 2875 de
1064 2800 1200 2902 publica
1217 2826 1344 2875 morum

233 2920 408 2994 honestate
429 2946 468 2992 ac
488 2919 531 2992 de
552 2919 712 3016 religione
736 2920 831 3019 ipsa,
860 2935 897 2992 ut
921 2935 1051 2992 constat
1074 2943 1115 2990 ex
1136 2918 1249 2992 dictis.
1266 2917 1346 2991 (lon-

233 3034 436 3108 cludendum
457 3034 582 3108 ideirco
604 3052 671 3121 est,
690 3034 767 3106 talia
782 3033 895 3107 civilia
908 3033 1075 3106 connubia
1093 3047 1214 3132 suapte
1231 3049 1346 3106 natura

233 3151 371 3224 tendere
389 3151 431 3222 ad
450 3150 598 3224 familiae
619 3177 659 3223 ac
685 3150 854 3223 societatis
881 3150 1078 3248 perniciem.

306 3266 399 3338 Idem
414 3265 597 3362 colligitur,
616 3265 644 3337 si
659 3265 771 3363 ipsum
788 3265 990 3338 connubium
1010 3263 1150 3363 propius
1164 3277 1342 3362 spectetur.

234 3379 296 3450 Ubi
323 3379 411 3451 enim
437 3379 685 3452 matrimonium
712 3378 867 3451 inciderit
889 3378 924 3448 in
951 3404 1071 3450 manus
1094 3376 1345 3472 magistratuum

232 3491 403 3581 civilium,
432 3521 492 3567 seu
517 3495 626 3568 civilis
651 3495 848 3593 regiminis,
878 3495 1053 3567 innumera
1075 3517 1179 3590 prope
1199 3491 1347 3564 oriantur

234 3607 466 3696 incommoda,
489 3611 556 3683 imo
567 3626 601 3682 et
613 3610 702 3683 mala
715 3610 893 3683 manifesta
907 3667 913 3696 ,
931 3635 1017 3709 quae
1031 3608 1222 3705 coniugium
1236 3606 1345 3706 ipsum

306 3863 356 3926 (st)
371 3864 474 3915 «L'ona
484 3865 551 3928 sape,
562 3864 642 3927 inquit
650 3864 767 3926 uootiier,
777 3865 812 3915 las
821 3864 890 3914 bases
900 3859 1039 3912 del'tdtfice
1049 3863 1074 3911 ct
1083 3859 1148 3910 brist
1158 3859 1182 3908 le
1191 3859 1242 3909 tien
1251 3857 1295 3922 qui
1304 3859 1347 3906 rat·

229 3945 302 3996 tvcbo
314 3945 338 3996 io
348 3944 445 4009 proaem
456 3958 487 3995 au
498 3945 580 4008 passm
592 3945 613 3994 si
624 3945 650 3994 le
660 3944 767 3995 division
777 3957 792 3994 a
803 3943 879 3994 reodu
891 3944 947 3994 tout
961 3944 1016 3992 acte
1027 3941 1135 3992 nauem}
1153 3937 1312 4003 impossible,
1323 3939 1347 3986 et

232 4025 308 4087 qn’on
317 4038 350 4075 ne
359 4025 441 4090 puisse
450 4025 506 4088 pius
515 4024 652 4089 distinguer
661 4023 755 4088 l'esprit
762 4024 845 4089 publio
854 4037 885 4074 cu
893 4023 978 4075 milieu
989 4022 1022 4073 du
1032 4021 1148 4072 desordre
1157 4021 1183 4070 et
1190 4019 1254 4070 dela
1263 4017 1347 4069 ooniu·

232 4105 303 4167 stou
314 4118 343 4156 ce
353 4107 455 4171 ponpis,
467 4118 579 4168 severae
591 4109 647 4169 sar,
661 4107 751 4157 tenebo
761 4105 777 4155 a
787 4119 814 4156 sa
825 4106 907 4168 ruine3
922 4115 966 4155 son
983 4102 1054 4166 genie
1068 4100 1196 4164 tutttaire,
1206 4112 1252 4150 son
1263 4096 1349 4150 uuna

231 4184 332 4250 disparu
349 4198 408 4239 sans
425 4190 516 4238 retour.
537 4189 596 4236 Pon
615 4189 655 4236 cst
675 4188 753 4237 mort.
772 4185 839 4236 Tella
854 4182 1130 4244 etaittenonvelteqno
1140 4176 1348 4257 ropportaicutdc

233 4266 302 4316 tonte
320 4269 376 4330 part
395 4267 432 4317 los
448 4266 605 4331 narigaldum
616 4278 648 4316 an
658 4267 738 4330 inops
747 4265 779 4316 do
788 4264 813 4316 la
823 4277 887 4315 vcnu
898 4263 931 4313 du
943 4262 1056 4314 Metam.»
1066 4259 1232 4325 symbolique
1246 4259 1307 4310 tout.
1316 4258 1345 4305 u.

229 4345 272 4395 liv.
286 4348 305 4396 1,
319 4347 358 4395 eti.
371 4349 401 4396 V.
416 4346 439 4409 §.
453 4348 585 4396 xxxviii.
597 4359 651 4409 pag.
665 4352 703 4396 io.
714 4346 782 4394 Paris
796 4351 862 4395 tani.
876 4342 940 4393 trad.
953 4342 984 4392 de
995 4344 1029 4392 itt.
1040 4341 1141 4392 cachat.
