2872 5062
231 349 300 418 tat
435 371 495 419 rm.
517 371 540 419 1.
563 371 648 419 sacr.
671 372 799 420 urrann.
818 373 856 420 nr.
875 372 1005 422 nirata.
1023 372 1130 422 crvrur.

303 492 451 563 Huiusce
469 490 553 587 legis
572 490 715 562 lautores
743 489 906 577 latentur,
931 518 967 564 se
985 518 1022 564 se
1039 493 1176 565 omnino
1194 518 1270 566 esse
1287 520 1346 566 ca-

231 610 390 693 tholicos,
411 603 595 678 catholicos
613 631 689 678 esse
707 605 810 691 cives,
833 632 892 705 pro
910 607 1033 705 quihus
1059 607 1112 680 lex
1138 607 1196 680 illa
1222 634 1346 707 propo-

230 727 339 798 nitur:
368 722 563 819 religionem
589 747 626 795 se
650 722 703 795 vel
728 722 904 794 minimum
930 723 1063 797 laedere
1088 739 1228 821 negant;
1248 741 1282 797 et
1298 725 1347 797 si-

229 839 297 914 mul
324 837 482 937 profundi
508 835 721 935 philosophi,
751 837 964 910 distinctione
989 837 1073 911 civis
1098 836 1347 939 christianique

230 954 358 1029 suffulti
372 979 413 1026 ea
425 950 556 1024 civibus
575 951 773 1048 permittunt
789 966 822 1023 et
840 952 998 1024 sanciunt
1010 953 1236 1039 matrimonia,
1256 980 1348 1053 quae

229 1087 262 1145 et
285 1067 520 1144 contrahentes
546 1080 579 1135 et
603 1064 688 1161 legis
714 1065 824 1162 ipsius
853 1065 992 1149 latores,
1021 1082 1136 1165 utpote
1160 1068 1343 1155 catholici,

229 1185 364 1258 credere
389 1180 511 1254 dehent
536 1179 629 1251 nulla
654 1182 790 1253 omnino
816 1207 856 1253 ao
881 1181 975 1254 irrita
1000 1207 1087 1254 esee.
1114 1182 1157 1274 ht
1176 1209 1256 1256 vero
1282 1184 1347 1262 hu-

230 1298 376 1373 iusmodi
403 1295 675 1395 pseudopolitici
702 1297 730 1367 si
758 1296 865 1368 nolint
889 1297 990 1368 simul
1017 1323 1092 1370 sese
1118 1289 1346 1402 pseudo-phi·-

229 1413 390 1513 losophos
420 1412 621 1498 ostendere,
651 1412 758 1508 logice
784 1412 848 1484 sibi
875 1412 1075 1486 cohaereant
1100 1439 1241 1489 necesse
1265 1431 1342 1499 est;

229 1530 383 1628 adeoque
402 1528 431 1600 si
449 1526 672 1599 christianam
691 1552 751 1598 seu
769 1526 968 1599 catholicam
981 1527 1175 1624 religionem
1188 1529 1348 1628 profiten-

229 1663 302 1734 tur,
332 1645 420 1716 hauc
446 1643 602 1714 desinant
626 1642 733 1740 legem
759 1668 962 1740 proponere,
992 1644 1044 1716 vel
1070 1643 1100 1717 si
1126 1670 1200 1716 eam
1227 1670 1346 1744 propo

229 1776 342 1844 nunt,
376 1759 544 1830 fateantur
568 1784 605 1829 se
631 1783 697 1829 non
731 1757 839 1830 solum
874 1759 979 1830 civem
1012 1785 1032 1830 a
1061 1758 1249 1832 christiano
1285 1786 1343 1832 seu

230 1876 397 1949 catholico
415 1873 894 1973 philosophicedistinguere,
916 1875 975 1967 sed
995 1876 1097 1974 impie
1115 1876 1344 1950 antichristia-

231 2019 309 2066 nam
326 1993 433 2089 legem
452 1989 630 2064 catholicis
648 1992 831 2089 imponere.
855 1992 1013 2090 Princeps
1037 2008 1095 2064 aut
1117 1992 1243 2065 desinit
1269 2019 1344 2067 esse

232 2107 451 2192 christianus,
473 2131 639 2204 suumque
657 2105 818 2204 populum
842 2121 944 2178 totum
962 2121 1000 2178 ut
1017 2105 1240 2180 christianum
1267 2134 1343 2181 con·

229 2222 399 2308 siderare,
428 2235 485 2293 aut
510 2219 783 2315 irrationabiliter
807 2221 887 2316 agit,
917 2220 997 2292 dum
1023 2221 1230 2295 christianus
1254 2222 1344 2294 chri·

227 2337 346 2410 stianis
371 2337 454 2408 tales
480 2336 571 2432 leges
597 2335 764 2434 proponit.
788 2335 1076 2407 lncohaereutiam
1095 2335 1183 2433 hanc
1201 2336 1340 2435 quidam

227 2452 353 2551 politici
373 2453 521 2523 sentiunt
540 2467 639 2550 atque
657 2451 724 2523 alia
741 2452 827 2523 facta
845 2451 1061 2524 distinctione
1079 2450 1279 2549 profitentur
1291 2478 1353 2537 se,

228 2582 327 2663 prout
358 2567 572 2661 magistratus
608 2583 709 2651 sunt,
739 2592 814 2638 esse
838 2565 941 2638 veluti
968 2565 1108 2651 atheos,
1137 2565 1340 2666 atheamque

228 2693 343 2753 revera
368 2707 445 2753 esse
471 2681 735 2777 legislationem,
765 2681 893 2754 scilicet
911 2681 991 2754 dum
1009 2699 1047 2754 ut
1063 2707 1230 2780 personae
1251 2683 1340 2783 quod

227 2807 322 2870 aiunt
348 2797 517 2896 privatae,
546 2796 739 2893 religionem
767 2797 903 2883 colunt,
932 2814 969 2870 ut
993 2823 1157 2895 personae
1183 2797 1341 2896 publicae

229 2940 248 2984 a
267 2911 429 3011 religione
455 2913 705 3010 praescindunt.

301 3029 342 3101 ht
360 3054 476 3101 revera
501 3028 667 3127 quidquid
693 3028 963 3126 pseudopolitici
990 3029 1091 3102 verbo
1117 3044 1217 3102 tenus
1243 3029 1344 3128 profi-

229 3162 379 3232 teantur,
401 3145 484 3218 satis
503 3159 618 3243 aperte
642 3144 823 3216 Ostendunt
840 3151 877 3217 'se
895 3145 960 3217 hac
977 3144 1051 3242 lege
1072 3171 1138 3218 non
1157 3145 1268 3219 solum
1287 3170 1345 3244 per

228 3259 363 3332 inanem
385 3259 642 3332 abstractionem
662 3287 682 3330 a
700 3259 862 3364 religione
887 3260 1140 3359 praescindere,
1163 3261 1225 3332 sed
1243 3260 1344 3358 impie

229 3401 303 3447 eam
333 3375 519 3473 negligere,
559 3394 771 3450 contemnere
797 3401 837 3449 ao
862 3376 1060 3475 repudiare,
1088 3377 1179 3475 quod
1206 3376 1343 3477 quidem

227 3489 405 3590 multiplici
432 3519 471 3563 ex
492 3493 605 3591 capite
628 3491 725 3565 facile
751 3492 952 3564 ostenditur.

241 3632 242 3636 ’
298 3606 345 3679 dc
362 3609 471 3705 primo
497 3635 536 3680 ea
562 3608 614 3680 lex
640 3609 754 3706 prodit
778 3608 913 3681 tacitum
940 3608 1145 3680 christianae
1170 3607 1343 3706 religionis

136 3787 137 3791 ,
225 3738 465 3822 contemptum.
500 3724 631 3795 Etenim
657 3724 748 3823 quod
775 3722 946 3823 quispiam
972 3749 1013 3794 ex
1039 3723 1256 3823 infirmitate,
1284 3738 1341 3795 aut

226 3839 386 3912 etiamen
403 3839 531 3912 malitia
552 3840 658 3936 legem
677 3840 825 3938 aliquam
852 3839 1014 3912 ecclesiae
1036 3839 1218 3936 infringat,
1240 3838 1342 3940 probe

227 3953 424 4052 intelligitur
449 3955 484 4026 id
511 3955 585 4027 sine
615 3952 787 4050 religionis
818 3969 1014 4054 contemptu
1040 3954 1112 4026 fieri
1138 3979 1260 4052 posee;
1288 3979 1341 4026 ve

225 4097 297 4143 rum
322 4069 412 4171 quod
436 4071 514 4172 quis
538 4086 575 4144 ut
600 4069 958 4173 honestamproponat
975 4098 1015 4144 ac
1034 4071 1184 4144 vindicet
1209 4070 1336 4168 legem,

224 4213 310 4284 quae
336 4188 488 4287 religioni
515 4188 639 4260 directe
665 4187 874 4274 adversetur,
897 4189 931 4259 id
949 4205 1039 4263 carte
1055 4189 1130 4262 sine
1145 4190 1336 4285 contemptu

224 4288 466 4390 saltamstacito
490 4302 600 4378 lacere
625 4328 691 4375 non
717 4320 837 4402 potest.
857 4390 860 4395 ¹
