2872 5062
167 366 236 439 tls
355 384 428 440 urs.
448 387 472 438 ι.
495 385 580 437 srcr.
602 387 625 436 ι.
647 385 687 436 ιιι
708 384 841 436 uernis.
860 364 1073 437 sicinusnrc.

165 525 330 595 mentum,
353 507 418 580 hoc
442 520 494 579 est
519 507 553 578 in
580 504 723 602 singulis
746 503 938 605 quibusque
963 507 1046 579 viris
1072 520 1174 606 atque
1197 534 1284 583 uxo-

166 624 259 698 ribus
279 623 471 710 minimum‚
496 619 556 694 sed
577 636 688 694 tamen
713 621 959 693 coniunctionis
981 621 1208 721 inseparabile
1229 649 1282 697 sa·

166 756 384 814 crementum.
409 737 552 824 »Quasi
582 736 728 824 diceret,
757 736 922 809 materiali
952 737 1082 812 ratione
1105 763 1144 811 ac
1178 739 1214 810 in
1242 765 1282 814 se

166 857 356 933 coniunctio
377 856 441 930 viri
460 870 494 927 et
513 854 663 928 mulieris
680 854 858 926 minimum
877 853 1014 954 quidem
1033 854 1281 929 sacramentum

164 989 232 1062 est,
259 962 533 1071 magnumque,
558 970 586 1042 si
610 967 799 1042 attendatur
819 968 862 1041 ad
882 969 956 1042 eius
981 969 1276 1067 significationem.

236 1092 307 1162 lam
330 1114 409 1162 vero
431 1112 472 1159 ex
489 1086 544 1159 his
570 1085 749 1173 omnibus,
777 1085 921 1184 aliisque
946 1112 1052 1185 prope
1076 1083 1280 1176 innumeris,

164 1232 251 1308 quae
263 1205 362 1279 lacile
373 1204 495 1278 adduci
513 1219 665 1304 possent,
681 1218 812 1302 patrum
826 1204 1028 1277 testimoniis
1039 1206 1129 1300 (17),
1146 1204 1278 1304 liquido

167 1337 305 1422 apparet
335 1319 411 1393 illos
441 1320 476 1392 in
502 1319 659 1417 coniugio
684 1317 867 1392 christiano
893 1318 1023 1392 nullum
1053 1319 1145 1392 aliud
1175 1346 1281 1418 agno-

164 1439 256 1514 visse
273 1438 490 1525 elementum,
511 1462 614 1535 quam
632 1435 902 1522 ‚coniunctionem
924 1436 1134 1536 ipsam‚'seu
1152 1453 1281 1511 eontra·

164 1555 316 1628 bentium
341 1580 543 1628 consensum
569 1552 613 1625 ad
637 1551 721 1625 illud
747 1551 1000 1653 perficiendum.
1140 1544 1143 1548 ’

239 1669 357 1757 Quid?
378 1669 468 1769 quod
491 1669 545 1743 tel
567 1669 591 1740 ii
612 1669 695 1767 ipsi,
720 1668 779 1767 qui
805 1667 1046 1741 sacerdotalem
1070 1667 1279 1742 benedictio-

165 1811 242 1858 nem
268 1784 503 1858 commendant
527 1809 594 1856 non
625 1781 768 1856 obscure
797 1783 999 1882 patefaciant
1026 1808 1100 1855 eam
1129 1783 1278 1880 coniugii

163 1900 379 1975 celebrationi
396 1898 635 1998 supervenire?
652 1900 750 1986 Sane,
771 1923 846 1970 cum
859 1898 1081 1971 Tertullianus
1101 1888 1136 1969 in
1153 1896 1274 1971 lib.11.

165 2016 209 2089 ad
228 2036 364 2088 uectem
383 2014 516 2088 scribit:
540 2045 559 2084 ιι
573 2015 668 2087 Unde
690 2013 896 2087 sufficiamus
921 2012 964 2085 ad
990 2002 1212 2087 enarrandam
1232 2014 1278 2087 l'e

164 2130 325 2204 licitatem
347 2130 420 2202 eius
441 2129 661 2216 matrimonii,
683 2128 774 2228 quod
796 2127 940 2200 ecclesia
961 2127 1132 2218 conciliat,
1151 2143 1187 2202 et
1202 2154 1279 2202 con-

164 2246 275 2319 firmat
293 2246 434 2333 oblatio,
457 2262 490 2319 et
509 2247 658 2344 obsiqnat
677 2244 865 2317 benedictio.-
884 2271 901 2313 ιι
918 2270 984 2318 non
1005 2244 1147 2319 obscure
1167 2244 1279 2317 innuit

162 2363 227 2437 bac
248 2362 481 2436 benedictione
501 2362 694 2459 coniugium
714 2361 780 2432 iam
802 2361 989 2434 conlectum
1010 2360 1194 2458 cbsiqeari,
1206 2350 1278 2434 seu

161 2477 271 2551 eidem
294 2477 443 2575 sigillum
464 2477 567 2551 veluti
586 2477 729 2578 apponi,
749 2502 816 2549 non
834 2491 944 2550 autem
964 2476 1023 2550 illa
1043 2475 1279 2551 benedictione

162 2595 277 2693 confici
299 2595 388 2689 (18),
414 2608 511 2694 prout
527 2607 557 2664 et
570 2608 681 2692 pater,
707 2606 752 2666 ut'
766 2593 840 2692 ipse
864 2593 1095 2693 prosequitur,
1111 2596 1197 2666 ‘rato
1221 2594 1280 2666 ltn-

162 2707 229 2843 bet,
256 2723 364 2778 retum
389 2723 499 2780 autem
526 2707 564 2780 fit
588 2708 679 2807 quod
705 2708 772 2780 iam
797 2709 912 2781 existit
937 2709 972 2779 in
999 2734 1075 2782 esse
1101 2734 1175 2782 suc.
1204 2710 1208 2715 ’

181 2822 289 2894 Sic
313 2823 464 2896 etiams.
482 2822 707 2912 Ambrosius,
720 2812 802 2896 dum
824 2824 925 2925 epist.
941 2825 1028 2895 xlx.
1054 2823 1097 2897 ad
1114 2823 1274 2922 vigilium

161 2937 297 3011 scribit:
326 2968 342 3007 ιι
359 2937 477 3013 (lum
467 2965 580 3039 ipsum
605 2940 798 3049 coniugium
827 2940 993 3015 velamine
1018 2940 1218 3014 sacerdotali
1244 2956 1279 3051 et

159 3040 393 3128 benedictione
418 3056 622 3129 sanctificari
648 3072 813 3157 oporteat,
837 3056 1005 3157 quomodo
1026 3071 1135 3157 potest
1159 3044 1277 3131 coniu-

161 3194 253 3299 gium
275 3170 360 3258 diei,
385 3170 442 3242 ubi
464 3196 531 3246 non
553 3189 606 3246 est
625 3172 703 3246 fidei
729 3173 965 3247 concordiali
987 3172 1183 3273 Supponit
1174 3172 1278 3282 igitur

160 3285 352 3382 coniugium
373 3285 440 3358 iam
458 3287 576 3360 initum
596 3288 683 3361 inter
701 3313 861 3418 sponsos,
884 3287 926 3360 ed
948 3273 1044 3395 quod
1061 3274 1276 3360 sanctifican-

159 3397 239 3472 dum
264 3401 331 3473 ritu
356 3400 601 3511 ecclesiastico,
626 3402 724 3475 etad
746 3403 933 3476 animorum
953 3403 1114 3476 unitatem
1142 3388 1275 3500 signifi-

159 3514 300 3587 candam
326 3514 505 3588 accedebat
534 3516 723 3590 ceremonia
750 3504 928 3590 velaminis
952 3533 986 3590 et
1004 3503 1271 3603 benedictionis,

158 3657 261 3729 quam
286 3629 467 3704 adiiciebat
493 3632 667 3718 sacerdos,
693 3632 976 3744 quemadmodum
1002 3647 1119 3743 postea
1143 3631 1274 3739 adiecta

158 3744 272 3819 luit
243 3773 315 3824 sive
340 3748 528 3837 coronatio,
552 3749 623 3823 sive
648 3747 763 3820 annuli
790 3737 998 3835 benedictio,
1009 3735 1217 3897 aliaqnef
1187 3773 1274 3822 erus·

229 4023 280 4088 (17)
292 4025 391 4076 Praeter
400 4002 520 4089 auctores,
529 4024 573 4088 qui
580 4037 654 4088 super
662 4025 710 4075 hoc
717 4016 788 4076 Pauli
796 4027 865 4077 textu
875 4024 907 4076 ad
914 4025 1014 4089 Enbv.
1023 4038 1038 4075 a
1047 4023 1212 4078 remotissima
1218 4021 1275 4075 antl·

156 4101 250 4167 qultate
260 4105 357 4167 patrum
364 4104 504 4155 testimonla
510 4104 660 4168 collegerunt
666 4105 692 4154 et
698 4104 747 4154 alic
757 4104 783 4154 ἰιι
794 4104 850 4155 loco
862 4104 1037 4155 recensuimus.
1045 4103 1166 4156 ctetiam
1175 4105 1274 4155 Morctu

158 4181 184 4232 ln
200 4183 360 4235 Tertulliant
377 4183 541 4250 omntlcquto
550 4187 611 4236 torn.
626 4187 671 4235 111.
683 4184 718 4235 ad
728 4198 786 4235 voc.
800 4187 1002 4236 Matrimonium
1012 4185 1173 4249 etNepttue.

229 4266 279 4329 (ts)
296 4266 427 4318 Rseohtur
439 4269 522 4318 tamen
534 4267 661 4319 adnotatio
675 4267 774 4332 Rigaltt'i
784 4279 859 4331 quam
870 4265 984 4330 sopanus
993 4263 1107 4318 dedimus
1119 4264 1188 4318 elrct
1197 4261 1271 4328 sigiu-

157 4344 294 4398 litationem
309 4346 385 4399 huius
398 4345 574 4400 benedictlonls
588 4361 663 4412 quam
673 4348 793 4400 memorat
803 4345 978 4403 Tertullianus·
1001 4361 1011 4376 ·
