2872 5062
193 360 273 438 xiiii
662 380 850 435 tnooeutuu.

194 502 404 579 recentiores
429 487 615 600 en'iiptorea
640 501 834 600 disputata,
860 523 953 598 quae
974 521 1099 597 sparsa,
1119 514 1154 573 et
1179 498 1308 574 diffusa

194 612 374 703 ia'e‘eraut,
402 615 548 692 nollecta
577 608 664 691 vero
689 616 733 691 ad
758 616 849 690 hanc
876 636 1016 691 caueam
1040 619 1191 690 maxime
1216 616 1309 690 faee-

195 711 291 824 reim
315 746 349 831 et
373 757 434 807 eos
457 734 553 808 viros
568 731 693 806 'debita
718 732 922 806 laudatione
944 731 1178 816 celebrarem,
1200 727 1240 804 ut
1255 731 1309 804 ia·

195 850 306 933 mam,
328 851 390 947 qui
412 864 484 922 tam
502 848 593 920 bene
611 848 657 920 de
677 871 716 920 re
742 847 912 922 catholiea
939 871 1007 945 pro
1032 845 1162 921 tuenda
1186 851 1309 920 matri-

195 948 305 1047 monii
327 964 488 1038 doctrina
514 976 731 1036 meruerunt.
827 1044 830 1049 A

215 1063 218 1071 λ
235 1076 253 1101 '²
265 1080 335 1166 Qui
356 1100 442 1152 vero
464 1074 641 1163 bonorum
665 1081 824 1152 omnium
841 1078 920 1151 sous
937 1090 990 1151 est
1007 1092 1042 1151 et
1059 1089 1182 1150 auctor
1195 1078 1309 1176 Deum

195 1214 262 1291 pro
274 1215 336 1286 sua
350 1193 386 1263 in
400 1180 466 1265 uua
477 1189 692 1288 benignitate
710 1192 967 1291 qualecumque
980 1193 1151 1288 hocopus
1167 1214 1307 1273 meum,

194 1292 293 1409 quod
307 1306 505 1412 etui‘multis
518 1306 704 1381 distractus
720 1311 831 1392 euris,
852 1309 896 1380 ad
922 1309 997 1381 eius
1018 1307 1162 1380 laudem
1180 1319 1216 1379 et
1232 1305 1311 1403 glo-

194 1424 306 1507 riam,
330 1435 434 1518 atque
459 1422 622 1496 eeclesiae
645 1447 728 1498 suae
748 1447 851 1497 causa
876 1426 1030 1521 suseepi,
1058 1425 1149 1496 tueri
1172 1418 1257 1495 velit
1274 1434 1309 1495 et

194 1559 423 1638 promovere:
448 1530 514 1623 ut,
542 1539 842 1634 quemadmodum
866 1541 991 1624 volui,
1018 1540 1230 1614 sanctimima
1247 1536 1309 1609 illa

194 1654 415 1737 coniunctio,
435 1676 542 1752 quam
553 1657 627 1750 ipse
639 1658 675 1728 in
691 1657 793 1730 terrie
806 1658 1004 1738 constituit,
1018 1668 1058 1728 ut
1075 1679 1118 1728 ex
1135 1673 1176 1728 ea
1193 1652 1310 1726 homi·

196 1788 259 1840 nee
274 1767 319 1841 ad
337 1781 513 1841 aeternam
534 1767 733 1845 beatitatem
754 1785 1038 1869 procrearentur,
1054 1769 1100 1844 ab
1119 1771 1310 1867 impiorum

196 1881 380 1988 uenatibus
396 1883 572 1959 vindicata
589 1886 626 1959 iu
643 1888 826 1983 pristinam
838 1881 1072 1985 integritatem
1093 1886 1311 1985 dignitatem·

195 2018 266 2096 que
282 1994 375 2096 apud
398 2013 521 2074 omues
546 1999 743 2076 revneetur'.
