2872 5062
243 355 312 427 err.
333 364 369 414 n.
392 365 433 414 nu
449 360 608 415 umrsrno.
630 365 700 414 rur.
724 361 747 414 1.
769 365 898 424 ourrsr.
920 367 1024 420 orreo.
1145 351 1190 421 tt

71 501 123 563 est
147 486 182 557 iu
209 483 363 559 ministro
383 482 563 571 ecclesiae,
591 498 702 581 potest
726 486 873 559 essentia
893 486 966 560 eius
983 486 1101 564 haberi
1117 490 1194 565 siue

70 601 244 682 ministro:
267 599 327 672 sed
345 598 429 672 sorte
446 623 513 672 non
529 597 630 672 debet
649 598 716 692 nisi
739 599 774 671 in
795 600 881 674 facie
901 601 1062 677 ecclesiae
1079 621 1114 678 et
1130 630 1192 704 per

71 715 281 798 sacerdotem
298 713 480 803 celebrari,
501 713 530 787 si
549 713 658 812 possit
674 713 792 787 haberi
809 717 922 810 (ltin
935 716 1007 789 Sibi
1019 733 1193 815 praeterea

72 832 207 906 obiicit:
226 822 253 900 ‘u
270 829 380 903 Omne
404 845 650 903 sacramentum
675 829 776 902 habet
801 829 941 905 sormam
961 831 1154 907 distinctam
1172 861 1193 909 a

75 947 231 1023 materia:
255 946 317 1021 sed
342 945 407 1018 boc
432 971 500 1018 non
524 945 632 1024 estin
654 945 878 1021 matrimonio.
895 948 968 1020 Non
985 947 1075 1020 enim
1090 948 1194 1023 verba

72 1060 294 1161 exprimentia
310 1059 375 1133 riri
392 1083 594 1135 consensum
618 1075 700 1133 sunt
724 1061 832 1157 magis
857 1060 1033 1135 formavel
1052 1063 1193 1138 materia

72 1202 174 1276 quam
200 1174 303 1249 rerba
326 1173 498 1261 mulieris,
527 1187 561 1247 et
585 1200 605 1248 e
627 1199 801 1248 converso.
826 1175 914 1272 Ergo
940 1175 1192 1253 matrimonium

71 1317 140 1365 non
160 1306 215 1365 est
233 1305 480 1364 sacramentum
497 1290 611 1383 (13).»
623 1287 732 1375 Quam
757 1288 991 1364 difficultatem
1008 1291 1055 1365 ita
1072 1291 1189 1374 solvit:

77 1404 162 1489 cdd
193 1407 228 1476 2.
250 1402 443 1478 dicendum.
460 1459 467 1473 .
482 1459 489 1474 .
506 1403 617 1502 .quod
647 1403 896 1484 matrimonium
921 1403 1023 1479 hebet
1053 1405 1194 1481 sormam

74 1519 269 1593 distinctam
287 1545 308 1590 a
324 1517 482 1605 materia,
503 1518 584 1617 quia
600 1521 700 1591 verbu
722 1534 798 1592 suot
819 1521 944 1618 formu,
971 1522 1193 1597 contrahentes

73 1649 150 1710 suot
171 1635 331 1707 maturio.
349 1689 356 1704 .
372 1690 378 1704 .
392 1634 499 1708 forma
523 1648 575 1707 est
598 1635 770 1733 expressio
795 1661 982 1710 consensus
1002 1637 1117 1732 (14).»

147 1750 228 1824 Post
258 1748 344 1823 adeo
374 1747 544 1822 luculenta
573 1749 764 1824 testimonia
796 1750 919 1824 mirum
953 1751 1060 1825 uideri
1094 1750 1204 1826 debet.

73 1865 203 1939 Canum
228 1864 316 1941 inter
340 1879 526 1949 assertores
552 1866 738 1939 sententiae
759 1892 842 1940 suae
864 1867 966 1940 etiam
982 1866 1192 1943 Paludanum

72 2000 246 2065 recensere
269 1978 434 2078 potuisse.
451 1979 685 2054 Verumtamen
704 1980 817 2055 Canus
842 1982 891 2055 ita
911 1983 1111 2057 sententiam
1130 1983 1194 2059 Pa-

72 2095 190 2169 ludani
215 2094 372 2193 exponit:
403 2096 510 2170 «Non
536 2096 561 2168 ii
585 2095 721 2183 solum,
749 2123 836 2195 quos
860 2097 1029 2185 diximus,
1059 2113 1195 2173 nostrae

74 2209 260 2285 sententiae
289 2209 546 2296 assentiuntur,
581 2210 643 2283 sed
668 2213 785 2283 Petrus
811 2209 1004 2283 Paludanus
1031 2211 1122 2285 Sent.
1155 2212 1189 2282 l.

72 2325 152 2399 dist.
167 2327 201 2397 b.
213 2351 247 2424 q.
260 2327 294 2398 2.
308 2324 505 2424 imprudens
518 2324 557 2396 in
569 2350 643 2396 eam
660 2350 796 2424 quoque
813 2323 1000 2398 descendit.
1017 2326 1101 2398 Nam
1114 2349 1191 2401 oum

71 2439 122 2519 vir
133 2455 169 2519 et
180 2439 328 2519 foemina
344 2439 485 2512 civiliter
501 2438 725 2526 contrahunt,
745 2438 878 2512 etiamsi
896 2453 1088 2537 peccatores
1106 2437 1190 2527 sint,

73 2580 134 2629 nee
159 2552 401 2654 poenitentiam
426 2568 547 2650 agant,
580 2577 647 2626 non
671 2552 778 2627 credit
802 2579 862 2627 eos
886 2579 963 2627 esse
987 2579 1063 2628 reos
1088 2552 1194 2628 sacri·

73 2667 164 2766 legii.
195 2669 236 2741 ld
260 2667 352 2769 quod
377 2664 470 2740 nullo
498 2666 599 2741 modo
624 2666 800 2766 probabile
827 2685 938 2755 esset,
970 2667 1001 2742 si
1025 2667 1193 2741 eiusmodi

75 2783 326 2860 matrimonium
351 2799 442 2857 esset
463 2808 578 2856 verum
603 2781 767 2856 ecelesiae
791 2798 1050 2857 sacramentum.
1067 2781 1194 2858 Omnes

75 2899 204 2998 quippe
232 2899 308 2974 sine
333 2898 562 2973 controversia
592 2898 746 2994 sacrilegi
773 2914 871 2985 sunt,
892 2898 953 2998 qui
972 2913 1049 2997 post
1072 2922 1194 2996 pecca-

75 3028 145 3092 tum
171 3014 311 3087 mortale
342 3012 416 3087 sine
451 3012 656 3110 poenitentia
685 3012 811 3086 Christi
841 3027 1053 3087 sacramenta
1083 3011 1194 3109 perci·

74 3128 273 3227 piunt(1b).

148 3244 201 3316 lta
225 3241 364 3342 quidem
389 3239 501 3314 Canus
523 3240 566 3313 de
583 3238 754 3315 Paludano
778 3242 966 3327 disserens;
987 3252 1041 3311 ast
1057 3263 1125 3311 non
1146 3237 1195 3311 ita

76 3356 271 3433 Paludanus
281 3355 365 3456 ,qui
380 3355 415 3427 in
428 3354 571 3452 allegato
585 3355 658 3429 loco
670 3355 873 3429 eontrarium
890 3354 992 3453 plane
1009 3351 1191 3439 adstruxit,

77 3497 152 3544 cum
170 3472 261 3546 enim
279 3471 346 3545 sibi
362 3471 594 3572 quaestionem
620 3471 872 3570 proposuisset,
899 3486 1012 3543 utrum
1038 3482 1195 3566 peccator

77 3585 185 3684 possit
209 3586 326 3688 aliquo
351 3586 386 3658 in
413 3612 495 3660 casu
520 3585 674 3658 minister
697 3609 774 3658 esse
798 3581 1018 3669 sacramenti,
1047 3580 1131 3682 quin
1155 3605 1195 3654 se

76 3700 246 3800 sacrilegii
269 3727 362 3777 reum
385 3700 527 3789 efficiat,
555 3699 759 3798 respondet,
788 3698 823 3770 id
849 3696 1017 3770 interdum
1041 3695 1135 3781 fieri,
1161 3708 1196 3767 et

76 3816 265 3916 exemplum
282 3816 430 3903 adducit
454 3816 552 3903 laici,
582 3816 642 3914 qui
667 3816 702 3888 in
727 3814 928 3890 necessitate
947 3810 1197 3885 administraret

76 3928 302 4032 baptismum,
322 3947 356 4006 et
374 3932 434 4032 qui
453 3931 489 4004 in
512 3932 587 4031 pari
605 3954 688 4007 casu
704 3931 917 4006 contraheret
935 3924 1142 4023 coniugium.
1159 3923 1195 3995 Si

149 4099 200 4167 (12)
216 4100 270 4150 Fol.
282 4103 336 4151 141.

146 4181 199 4244 (rr)
215 4181 268 4231 nu.
288 4185 342 4232 uo.

148 4259 200 4323 (rr)
216 4260 269 4310 ror.
289 4265 343 4311 rrr.

149 4337 200 4402 (rs)
216 4341 255 4390 or
271 4341 345 4390 roca
361 4339 404 4390 rur.
416 4343 483 4391 vrri.
496 4353 550 4404 cap.
562 4342 617 4390 vrr.
