2872 5062
172 351 240 422 386
363 370 425 422 nn.
447 370 470 420 1.
492 368 578 420 secr.
591 366 730 420 >sturm
751 369 792 419 ns
811 369 1073 422 ussermanni.

242 491 310 562 Nec
336 488 457 563 minori
471 476 696 562 ¹vehementia
722 505 792 562 rem
819 488 908 562 banc
934 490 1044 588 ipsam
1070 492 1288 590 persequitur

169 606 212 680 cl.
234 606 355 678 Sauzet
373 604 408 675 in
425 603 589 704 opusculo
606 630 710 703 saepe
726 630 747 676 a
766 603 864 677 nobis
881 603 1035 693 laudate,
1056 605 1147 705 quod
1165 606 1284 680 eedem

169 747 257 794 anno
281 720 431 817 vulgavit
455 721 504 793 Dc
527 722 734 792 matrimonio
760 721 856 793 civili
879 746 919 792 ec
943 711 1126 819 religiosos
1143 721 1198 794 vir
1227 749 1287 796 su·

169 821 283 937 premo
301 836 489 909 ministerio
506 835 641 936 publico
660 837 817 923 iunctus,
839 836 899 935 qui
917 836 1059 935 proinde
1075 837 1202 937 optime
1220 838 1284 910 ha·

169 951 224 1024 ius
249 950 335 1048 legis
367 949 506 1024 ell’eotus
532 951 567 1022 in
593 949 711 1023 Galliis
745 965 896 1024 noverat.
931 952 1001 1022 lam
1026 976 1131 1039 vero,
1160 951 1220 1024 hic
1248 952 1282 1023 in

168 1065 311 1166 epistola
336 1065 412 1164 ipsa
434 1050 677 1167 nuncupatoria
695 1051 926 1166 imprudentes
945 1066 1095 1166 appellat
1112 1083 1215 1166 atque
1233 1095 1284 1141 re-

169 1181 341 1284 trogrados
367 1207 446 1267 eos,
475 1180 535 1281 qui
561 1181 673 1254 adhuc
691 1208 729 1254 se
746 1182 901 1279 religioni
928 1183 1115 1257 catholicae
1130 1172 1284 1259 -hostiles

167 1296 353 1396 praebent,
383 1296 589 1396 eosdemque
615 1283 866 1371 anachronismi
889 1283 976 1372 sane
993 1298 1195 1398 deplorandi
1213 1325 1285 1374 reos

167 1428 276 1486 vocat.
303 1413 463 1485 Patefecit
484 1413 695 1487 imminentia
713 1413 819 1500 mala,
835 1439 922 1513 quae
934 1439 976 1487 ex
989 1413 1055 1487 boc
1067 1441 1179 1488 rerum
1193 1429 1282 1488 statu

167 1526 357 1627 subalpinis
375 1554 415 1600 ex
433 1528 667 1601 communibus
691 1528 865 1626 religionis
883 1543 1060 1626 statusque
1078 1527 1209 1626 politici
1227 1528 1282 1602 ad-

165 1643 325 1745 versariis
353 1643 537 1716 obventura
555 1658 653 1730 sunt;
674 1643 822 1716 ostendit
845 1644 1026 1717 arctissimi
1052 1643 1199 1717 loederis
1227 1670 1283 1717 ne-

168 1758 358 1833 cessitatem
385 1758 511 1832 clerum
534 1759 622 1832 inter
648 1785 688 1832 ac
714 1759 813 1832 civile
844 1759 1017 1856 regimen,
1045 1773 1082 1832 ut
1111 1759 1179 1833 boc
1204 1758 1282 1832 sub-

166 1876 288 1948 sistere
312 1875 441 1974 possit,
469 1876 523 1948 eui
549 1875 687 1974 quidem
714 1875 840 1948 loederi
858 1891 890 1948 et
912 1873 1142 1949 coniunctioni
1169 1875 1282 1949 obsta·-

159 2176 266 2242 ,licteus
280 2176 309 2227 lo
322 2177 435 2227 revision
446 2173 485 2226 du
497 2177 560 2226 titre
571 2174 608 2225 du
619 2179 736 2239 mariage
746 2173 814 2226 dens
826 2173 922 2224 lecode
932 2173 1046 2237 ciot1,et
1056 2171 1281 2223 l'uboltttondeta

162 2260 231 2307 mort
248 2257 335 2308 ctolle.
350 2256 472 2306 Marseille
484 2256 506 2305 le
516 2261 556 2306 te.
566 2254 615 2305 Mai
629 2263 697 2306 teet.
707 2258 735 2304 ln
752 2254 832 2318 prium
842 2251 1078 2316 subscriptionebus
1089 2251 1280 2302 numerabantur

163 2337 264 2387 nomina
272 2338 382 2387 virorum
397 2350 429 2387 ex
438 2337 506 2386 omni
517 2335 660 2386 conditione
668 2337 694 2386 et
703 2334 794 2398 gradu,
803 2335 847 2398 qul
856 2333 967 2384 libellum
975 2333 1112 2396 supplicem
1121 2332 1216 2382 debent
1224 2337 1277 2384 722.

240 2420 335 2468 interea
345 2418 436 2468 iuverit
446 2418 507 2467 haec
515 2416 597 2466 verbis
606 2415 750 2467 mademare
760 2417 785 2465 et
794 2413 940 2464 auctoritate
947 2412 1047 2463 illorum
1056 2412 1100 2476 qni
1111 2425 1126 2462 a
1137 2413 1217 2463 multo
1226 2413 1280 2462 tetu-

165 2511 225 2563 pore
235 2512 335 2561 operam
344 2497 465 2547 dederunt
475 2497 528 2560 piae
538 2496 687 2547 institutioni
698 2496 730 2546 de
740 2495 903 2546 matrimoniis
911 2493 1026 2544 civilibus
1036 2506 1080 2557 per
1093 2493 1237 2556 religiosum
1249 2490 1279 2542 ri·

162 2580 215 2627 turn
228 2576 416 2626 mbonmtandis
426 2613 434 2638 ,
448 2576 541 2639 quique
552 2578 679 2639 propterea
691 2577 749 2625 sunt
759 2574 791 2624 ab
800 2575 950 2637 experientia
959 2574 1032 2636 plane
1039 2571 1123 2626 edocti
1133 2571 1167 2622 de
1177 2585 1208 2622 eo
1215 2565 1280 2634 qnod

163 2655 189 2705 in
201 2655 322 2706 eiusmodi
333 2655 453 2715 coniugiis
463 2655 590 2718 contingit.
602 2653 770 2718 interrogatis
782 2653 890 2717 quodam
901 2666 959 2703 rere
975 2651 1098 2702 catholico
1108 2654 1223 2702 senatore
1232 2653 1279 2701 tau·

162 2735 254 2785 rinensi
270 2734 301 2785 de
318 2735 363 2785 hac
380 2732 537 2797 quaestione,
558 2725 591 2784 ita
609 2733 688 2784 eidem
711 2733 866 2796 rescripsere:
880 2735 969 2783 «Tons
979 2732 1013 2782 ies
1024 2732 1132 2794 ereqnes
1148 2729 1279 2781 deumne

161 2827 221 2864 arec
238 2816 294 2864 tous
307 2814 343 2864 les
361 2813 485 2864 ministres
493 2814 525 2864 de
535 2813 626 2863 second
637 2813 725 2877 ordre,
738 2826 798 2864 arec
806 2815 863 2863 tous
873 2812 908 2862 les
918 2811 1053 2862 directeurs
1064 2810 1095 2860 de
1105 2811 1275 2872 mesoleucos,

161 2908 222 2946 arec
230 2897 287 2945 tons
299 2894 334 2945 les
345 2896 445 2947 auteurs
455 2893 649 2954 conscientieux,
661 2894 706 2956 qui
718 2895 762 2943 ont
775 2893 836 2943 ecrit
847 2906 890 2942 sur
905 2890 1025 2942 l’bistolre
1034 2889 1066 2941 de
1076 2892 1171 2940 France
1181 2889 1246 2940 dans
1255 2890 1278 2940 la

162 2975 261 3040 perinde
274 2977 395 3039 comprise
404 2977 473 3025 entre
487 2979 554 3025 1789.
565 2977 590 3024 et
608 2981 675 3025 1850.
687 2975 862 3036 conriennent,
874 2985 924 3036 qne
936 2972 961 3021 la
973 2971 1075 3033 religion
1090 2970 1234 3034 cetboilque
1249 2982 1278 3020 ne

160 3055 217 3106 s’est
225 3055 314 3118 lemeis
324 3055 413 3105 remise
424 3053 457 3104 du
468 3066 532 3118 coup
541 3054 584 3117 qui
593 3054 628 3104 lui
639 3053 701 3105 aete
712 3054 781 3118 porte
789 3054 831 3117 ily
841 3065 856 3102 a
865 3058 904 3104 60.
911 3065 955 3103 ans
964 3065 1009 3116 par
1018 3048 1178 3101 i'institntion
1186 3049 1222 3101 du
1232 3063 1276 3100 me

162 3136 228 3199 riage
243 3135 310 3186 civil.
772 3185 775 3191 ,
1035 3175 1038 3178 ,
1120 3170 1122 3175 .

235 3217 288 3273 Quo
302 3215 389 3281 depuis
405 3217 477 3267 notre
496 3217 604 3280 epoqne,
619 3229 653 3266 nn
668 3215 771 3266 nombre
786 3211 955 3264 considerable
969 3211 1001 3262 de
1016 3210 1123 3273 franceis
1135 3209 1195 3260 rire
1209 3209 1278 3260 mari·

158 3296 274 3346 talement
285 3310 341 3348 sans
352 3298 421 3359 avoir
433 3312 489 3362 recu
503 3297 527 3348 la
538 3296 690 3348 benedictina
702 3296 823 3361 nuptiale,
835 3297 861 3346 et
870 3294 1102 3358 qu’iismonrraient
1110 3295 1277 3357 presquetous

160 3377 296 3426 sensaveir
307 3391 364 3440 recu
375 3379 410 3429 ies
418 3382 579 3442 sacrements,
587 3378 609 3429 si
619 3379 643 3430 le
654 3379 746 3442 cierge,
758 3391 790 3427 en
799 3376 896 3428 dernier
905 3377 1031 3437 moment,
1042 3377 1069 3425 et
1077 3374 1203 3438 plusieurs
1213 3375 1277 3424 emes

159 3456 306 3507 charitables
315 3470 347 3507 ne
355 3458 517 3510 reunissaient
530 3461 589 3509 tous
599 3459 665 3508 leurs
676 3458 761 3508 efforts
772 3470 835 3521 pour
846 3455 959 3520 prerenlr
968 3467 996 3505 ce
1006 3453 1129 3504 malbeur.

235 3537 317 3595 Qn'nn
328 3539 475 3602 hommequi
484 3539 523 3589 n’a
532 3539 656 3589 contracte
666 3552 715 3600 que
726 3537 749 3587 le
760 3537 808 3587 lien
820 3537 878 3587 civil
887 3535 921 3586 du
931 3535 1053 3598 mariage,
1063 3547 1132 3585 cesse
1140 3547 1173 3584 en
1185 3532 1277 3598 general

158 3616 189 3667 de
199 3617 327 3680 pretiouer
337 3617 361 3667 la
374 3618 491 3681 religion,
503 3621 529 3669 et
538 3632 572 3668 on
583 3631 597 3668 a
607 3618 736 3681 remarque
752 3618 800 3681 qn'e
815 3617 851 3667 les
867 3627 1000 3679 pemennes
1018 3613 1123 3664 mariees
1137 3612 1276 3665 civilemenl

158 3698 228 3747 n’ont
236 3710 280 3760 pas
289 3696 452 3748 elles-memes
465 3699 489 3748 la
500 3698 611 3750 moindre
619 3699 744 3748 confiance
754 3697 816 3747 daus
826 3698 880 3747 leur
891 3695 1021 3747 soi·dlsant
1029 3694 1146 3758 mariage.
1200 3743 1203 3749 ,

232 3779 286 3834 ere
298 3777 358 3826 c’est
368 3775 477 3826 dansces
486 3777 638 3841 deplorables
651 3778 752 3839 unions,
765 3777 839 3840 qu'on
847 3777 884 3826 est
892 3775 976 3827 assare
983 3774 1014 3825 de
1023 3776 1127 3824 trouver
1136 3773 1174 3824 les
1182 3773 1273 3826 enieuis

158 3855 276 3906 indociles
285 3858 311 3905 et
317 3855 442 3918 libertins,
453 3855 496 3906 des
504 3857 601 3907 eniants
611 3857 654 3920 qui
665 3856 777 3919 ignorent
785 3853 899 3918 iusqu'au
908 3855 976 3917 signe
987 3852 1019 3903 de
1027 3852 1052 3902 la
1062 3849 1141 3904 cr'oix.
1149 3853 1179 3903 Sl
1188 3854 1225 3904 les
1236 3865 1273 3916 pe·

158 3939 224 3987 rents
235 3936 328 3986 etaient
340 3935 384 3986 des
394 3936 484 3987 marles
495 3937 580 4000 cisiis,
592 3937 627 3987 ies
638 3936 734 3986 eniants
744 3949 775 3986 ne
785 3935 921 3998 rougissent
931 3947 975 3998 pas
984 3933 1063 3984 d'etre
1074 3932 1108 3984 de
1118 3933 1191 4006 peres
1205 3935 1271 3984 natu

158 4016 217 4077 reis,
224 4019 249 4065 et
259 4016 276 4065 il
288 4017 349 4066 n’est
358 4029 403 4079 pas
415 4029 467 4066 rare
476 4015 507 4066 de
517 4019 617 4067 trouver
627 4016 688 4066 trois
699 4015 854 4080 generations
862 4014 1010 4064 snccessires
1019 4012 1143 4064 d’enlauts
1158 4011 1271 4064 natrrrele.

231 4097 251 4146 ll
268 4096 360 4147 semble
375 4111 425 4160 que
441 4097 540 4160 lorsque
551 4093 702 4148 une'iamille
711 4097 749 4147 est
758 4095 874 4159 marqnee
887 4107 918 4144 an
928 4094 995 4144 irent
1006 4093 1038 4144 de
1052 4091 1118 4144 cette
1128 4093 1216 4157 teche,
1230 4103 1271 4142 sos

157 4176 215 4226 chel
228 4177 353 4226 reconnait
367 4177 494 4226 lui-meme
504 4176 594 4240 qu’elie
604 4178 681 4227 asten
691 4176 781 4227 debers
792 4176 823 4225 de
833 4176 902 4224 tonte
912 4172 947 4224 loi
957 4172 1066 4235 morale,
1078 4170 1270 4237 etimpulssente

155 4256 209 4306 iren
223 4258 352 4320 supporter
363 4257 386 4306 le
396 4256 483 4307 ireln.»

228 4337 264 4386 Ex
277 4339 374 4389 senato
386 4336 431 4389 del
446 4349 526 4400 reone
537 4351 591 4403 pag.
609 4342 661 4389 187.
673 4337 780 4388 Tornata
793 4335 833 4386 dei
850 4341 885 4387 ts.
899 4334 1008 4386 Dioemb.
1024 4340 1093 4396 1852.
