2872 5062
275 378 638 431 clarissumarum
660 379 731 430 aar.
753 381 776 429 r.
798 380 1054 439 cucusuoateo.
1172 365 1215 433 69

101 498 216 577 minus
237 493 390 574 eiusdem
408 493 531 595 placito
548 494 679 584 latent,
698 522 786 595 quae
803 497 838 568 in
856 498 1024 599 capitibus
1042 501 1220 601 insequen-

102 613 192 688 tibus
211 611 393 699 habentur,
414 619 502 712 quae
518 611 561 685 de
574 611 645 686 'alio
661 613 799 686 omnino
816 629 894 687 sunt
910 619 1117 712 argumento.
1135 620 1218 693 Nam

102 730 238 830 incap'.
259 729 342 801 ΧΗ.
366 728 542 828 praebetur
563 728 737 802 instructio
762 729 899 803 moralis
925 732 1149 829 coniugibus;
1182 736 1219 807 in

72 880 73 883 ¹
104 869 178 944 cap.
192 843 292 917 XLII.
314 842 423 940 agitur
439 841 482 915 de
499 842 647 939 coniugii
673 842 789 931 bonis,
818 843 904 932 fide,
933 845 1027 945 prole
1054 861 1087 920 et
1108 874 1221 921 sacra-

104 973 231 1045 mento;
252 957 289 1029 in
310 957 426 1029 XLlll.
449 956 665 1056 expromitur
678 955 886 1031 desiderium
912 957 955 1032 de
981 959 1155 1034 abolendis
1182 962 1217 1034 in

104 1087 273 1174 posterum
302 1070 525 1145 matrimoniis
557 1071 797 1159 clandestinis,
825 1073 1014 1172 quaelicet
1039 1076 1219 1149 concilium

102 1186 300 1287 probibeat,
320 1200 466 1261 attamen
479 1185 625 1271 sitiant,
642 1201 714 1259 rata
726 1213 767 1260 ea
779 1188 949 1283 agnoscit;
972 1189 1007 1260 in
1020 1215 1094 1290 oap.
1106 1191 1215 1264 XLIV:

102 1299 252 1373 decernit
276 1298 428 1400 synodus
453 1299 733 1373 conitmctionem*
747 1327 807 1400 per
831 1301 1040 1377 sacerdotem
1054 1329 1135 1387 cum
1160 1305 1221 1380 be

104 1414 295 1499 sedictione
311 1441 351 1490 ac
368 1413 524 1516 precibus
545 1417 635 1489 intro
658 1418 835 1489 missorum
858 1418 1015 1491 solemnio
1037 1419 1074 1491 in
1095 1420 1221 1521 templo

103 1529 291 1605 secundum
313 1531 471 1631 andquos
492 1540 642 1606 ‘canones
662 1546 695 1605 et
713 1532 979 1607 ecclesiasticum
991 1534 1104 1608 ritum
1130 1535 1217 1609 lieri.

102 1645 196 1720 Vetat
226 1660 337 1720 autem
351 1713 356 1721 ,
371 1646 415 1719 iu.
439 1671 514 1746 cap.
537 1646 630 1719 XLV.
660 1673 702 1720 ne
726 1647 980 1745 coniungantur.
995 1648 1162 1748 peregrini
1187 1664 1221 1723 et

103 1760 227 1858 ignoti,
256 1761 325 1835 nisi
351 1759 511 1857 legitimis
544 1760 745 1835 testimoniis
769 1775 898 1835 constet
921 1760 965 1835 de
989 1776 1078 1837 statu
1102 1788 1217 1838 eorum

103 1875 228 1965 libero;
248 1877 288 1951 in
303 1876 502 1977 cap.·XLVl.
519 1876 666 1977 loquitur
690 1877 734 1950 de
759 1875 998 1977 impedimento
1017 1879 1221 1976 consangui-

102 1991 237 2065 neitatis
254 2006 288 2065 et
304 1991 495 2080 affinitatis,
515 1990 672 2064 demum
662 2019 699 2063 m
713 2018 786 2090 cap
802 1990 926 2064 XLVII.
944 1991 1081 2088 abrogat
1092 1990 1226 2066 ludicra·

102 2106 269 2208 quaedam
291 2107 364 2181 lieri
386 2107 485 2182 solita
506 2122 581 2208 post
606 2107 876 2181 coniunctionem
905 2106 1166 2236 sacerdotalem
1177 2107 1221 2182 ab

103 2221 313 2297 adstantibus
329 2224 418 2318 (et).
854 2229 857 2235 '
1114 2284 1119 2291 ,

165 2335 261 2414 Cum
271 2351 395 2419 autem
425 2336 517 2412 solae
541 2337 609 2410 sint
634 2361 719 2436 quas
744 2334 985 2435 expendimus
990 2333 1217 2422 auctoritates

102 2451 228 2552 quibus
246 2451 530 2535 Canusinnititur
547 2468 584 2525 ut
604 2450 807 2525 demonstret
819 2449 913 2523 alios
924 2510 927 2518 .
938 2449 1124 2522 sententiae
1140 2475 1223 2523 suae

103 2567 291 2668 praeivisse
303 2590 322 2657 ,·
332 2594 442 2669 neque
455 2569 549 2668 ipsae
566 2593 636 2640 rem
653 2566 852 2652 conficiant,
877 2565 961 2666 quin
976 2564 1221 2639 etiam..eidem

92 2683 292 2757 *contrariae
317 2683 403 2772 sint,
428 2698 541 2784 aperte
556 2681 911 2782 c'onsequituripsum
937 2706 1053 2755 revera
1077 2679 1222 2780 primum

108 2799 255 2874 omninof
266 2798 373 2873 tuisse
388 2799 425 2871 in
442 2799 588 2873 ecclesia·
601 2799 685 2888 Dei3
705 2798 764 2897 qui
783 2822 902 2871 novam
915 2796 1013 2870 'hanc
1025 2795 1222 2870 doctrinam

107 2913 267 3016 invexerit
283 2914 327 2989 de
336 2916 515 2990 'sacerdote
539 2914 964 2995 sacramentimatrimonii
983 2913 1157 2998 ministro,
1181 2937 1221 2985 ao

105 3035 287 3130 propterea*
305 3029 348 3104 de
360 3085 362 3089 -
373 3029 536 3104 inaudita,
549 3031 711 3104 haetenus
721 3028 806 3124 reali
820 3027 1035 3102 distinctione
1048 3092 1052 3097 .
1063 3027 1150 3100 inter
1174 3025 1223 3098 ei-

105 3144 205 3220 rilem
231 3147 436 3223 matrimonii
462 3160 666 3220 contractum
691 3160 724 3218 et
744 3153 988 3220 sacramentum
1009 3142 1044 3214 in
1066 3141 1222 3239 coniugio

105 3259 303 3337 christiano.

533 3423 742 3481 ARTICULUS
761 3424 797 3479 11.

478 3568 660 3643 Quaestionis
677 3581 856 3644 progressus.

177 3719 239 3793 vix
270 3719 432 3795 Melchior
458 3720 571 3794 Canus
604 3746 724 3799 novam
751 3746 847 3794 suam
873 3717 1073 3792 sententiam
1102 3708 1224 3846 propo

106 3850 218 3909 suerat
246 3835 289 3908 de
320 3835 507 3910 sacerdote
525 3837 714 3936 nuptiarum
748 3822 1008 3909 christianarum
1041 3832 1220 3918 ministro,

75 4010 77 4016 ⁴
108 3948 246 4063 deque
243 3950 491 4024 distinctione
482 3965 568 4024 mter
592 3966 796 4026 contractum
814 3965 847 4023 et
864 3963 1125 4058 sacramentum,
1146 3971 1222 4018 cum

110 4052 307 4153 nonnullos,
324 4065 372 4139 uti
387 4065 442 4155 fit,
459 4064 550 4141 illico
568 4093 621 4140 sur
611 4065 752 4167 placiti
770 4065 1028 4166 adstipulatores
1050 4049 1224 4134 nancisce-
1332 4068 1338 4079 '

110 4179 218 4270 retur,
247 4181 420 4282 plerisque
443 4196 554 4256 tamen
579 4180 710 4254 eidem
720 4179 1037 4300 contradicentibus.
1062 4176 1146 4249 Nam
1170 4173 1223 4249 vel

179 4339 232 4404 (u)
247 4339 287 4391 ot.
298 4341 471 4394 actaeone.
483 4302 605 4405 elusus
615 4341 919 4402 contaminasse.
