2872 5062
166 370 234 445 too
367 397 427 446 nm.
450 394 683 445 l.sitcr.i.1tu
708 394 837 444 urrais.
860 390 1074 444 sacuxuxuro.

169 552 174 557 -
239 514 270 582 l.
301 513 493 586 Praeterea:
527 513 673 586 Eatenus
703 527 891 585 contractus
922 527 974 585 est
1002 525 1271 597 sacramentum,

163 644 327 726 quatenus
345 643 397 700 est
415 627 548 723 signum
565 652 605 699 ao
621 625 812 724 symbolum
829 626 1075 700 coniunctionis
1092 625 1218 699 Christi
1240 641 1273 698 et

162 742 325 817 ecclesiae
349 743 490 840 gratiam
515 742 720 842 producens;
746 741 811 814 iam
843 767 921 815 vero
946 742 1111 815 eiusmodi
1136 741 1272 839 signum

163 883 229 930 non
255 874 308 931 est
331 869 520 930 contractus
544 877 584 928 er
610 881 647 928 se
671 855 850 928 seiunctim
871 881 911 928 ac
931 856 1115 929 universim
1138 870 1274 954 specta·

164 989 238 1059 tus,
260 973 320 1047 sed
341 989 439 1070 prout
455 989 507 1044 est
522 988 657 1044 evectus
674 970 718 1043 ad
735 971 936 1044 sacramenti
960 971 1178 1068 dignitatem,
1198 971 1272 1044 sive

161 1085 327 1160 eiusmodi
346 1088 472 1159 evectio
489 1087 548 1159 liat
564 1086 755 1158 immediate
772 1111 833 1184 per
852 1110 1053 1158 consensum
1070 1085 1273 1158 contraben-

162 1203 264 1288 tium,
297 1201 369 1274 sive
401 1201 546 1274 mediate
570 1228 630 1302 per
653 1199 917 1274 benedictionem
943 1200 1126 1275 sacerdotis
1148 1229 1156 1287 ;
1191 1225 1272 1297 ergo

162 1343 295 1389 rursum
319 1317 353 1387 in
376 1335 520 1416 utraque
542 1317 708 1391 sententia
729 1316 925 1389 indistincta
945 1328 1058 1388 manet
1085 1315 1171 1390 ratio
1192 1342 1273 1389 oon·

162 1427 288 1505 tractus
306 1450 340 1505 et
356 1435 568 1507 sacramenti.

232 1547 385 1620 Diximus
411 1562 522 1619 autem
548 1563 753 1620 contractum
779 1547 1005 1634 nubentium,
1037 1546 1118 1619 dum
1134 1539 1272 1645 *nempe

160 1657 351 1758 perficitur,
378 1686 455 1732 esse
472 1661 644 1733 materiam
667 1662 854 1758 proximum
879 1661 1078 1733 sacramenti
1103 1661 1274 1735 matrimo-

161 1775 226 1861 nii,
248 1801 288 1848 ac
306 1792 481 1874 propterea
507 1802 542 1848 re
566 1801 633 1848 non
658 1775 821 1871 distingui
839 1771 861 1848 a
877 1792 1086 1849 sacramento
1109 1776 1209 1875 ipso,
1237 1790 1274 1848 ut

161 1889 211 1962 sic
236 1890 488 1963 excluderemus
514 1889 666 1964 lallacem
695 1891 1015 1987 argumentationem
1044 1891 1148 1963 llarci
1172 1889 1275 1964 Anto-

164 2005 209 2075 nii
234 2007 284 2077 De
304 2006 474 2092 Dominis,
500 2006 559 2104 qui
581 2022 617 2078 ut
642 2006 844 2103 persuadeat
869 2032 1064 2105 permanere
1080 2007 1182 2078 etiam
1198 2021 1277 2106 post

163 2116 319 2220 adeptam
344 2121 506 2194 rationem
539 2123 738 2193 sacramenti
763 2137 969 2194 contractum
993 2121 1125 2195 civilem
1151 2121 1188 2192 in
1213 2145 1277 2194 suo

164 2261 257 2323 esse,
278 2235 385 2308 utitur
397 2235 549 2333 exemplo
562 2261 682 2334 aquae,
699 2262 788 2335 quae
800 2236 940 2309 materia
952 2229 1028 2309 cum
1042 2237 1087 2310 sit
1097 2235 1273 2335 baptismi,

161 2352 324 2423 tamenin
343 2377 419 2424 esse
444 2377 507 2424 suo
532 2351 677 2423 naturali
701 2352 767 2423 iam
787 2352 970 2425 constituta
986 2367 1038 2424 est
1054 2365 1132 2424 ante
1145 2349 1277 2450 baptis-

160 2489 270 2549 mum,
299 2489 338 2535 ac
362 2463 440 2536 talis
466 2480 660 2561 perseuerat
676 2481 754 2563 post
771 2464 1041 2538 administratum
1067 2463 1216 2537 salutare
1232 2464 1277 2537 la·

160 2602 317 2664 vacrum;
346 2575 435 2650 idem
460 2578 516 2652 dic
540 2578 584 2649 de
609 2587 696 2677 pane
722 2595 754 2651 et
778 2580 856 2653 vino
888 2596 1042 2678 respectu
1074 2580 1277 2652 sacramenti

160 2689 384 2764 eucharistiae
410 2708 487 2765 ante
511 2694 795 2766 consecrationem
812 2696 900 2790 (23).
918 2697 987 2766 lam
1004 2719 1083 2766 vero
1101 2694 1277 2793 Spalaten-

161 2807 210 2880 sis
233 2822 387 2905 apostata
404 2808 439 2879 in
458 2808 521 2880 bac
538 2834 601 2880 sua
617 2809 866 2907 comparatione
883 2809 1062 2908 dupliciter
1077 2826 1182 2896 errat,
1203 2825 1275 2882 tum

158 2948 278 3021 nempe
296 2924 330 2995 in
348 2949 405 3010 eo,
426 2924 516 3022 quod
535 2940 705 3022 supponat
721 2926 789 2996 iam
808 2926 951 2999 existere
975 2941 1180 2999 contractum
1198 2951 1273 3024 per·

159 3039 281 3111 lectum
314 3056 391 3112 ante
423 3041 621 3113 sacramenti
636 3034 995 3127 administrationem,
1030 3057 1129 3139 prout
1158 3041 1274 3115 existit

158 3181 248 3254 aqua
271 3170 350 3227 ante
375 3153 600 3253 baptismum,
628 3154 719 3253 quod
743 3171 853 3228 tamen
879 3155 913 3227 in
939 3155 1106 3229 communi
1131 3180 1171 3228 ac
1191 3179 1272 3227 vem

160 3269 323 3340 sententia
349 3268 471 3340 salsum
496 3285 563 3355 est;
593 3270 695 3342 immo
719 3285 752 3341 et
776 3271 810 3341 in
836 3271 1000 3342 sententia
1025 3270 1130 3357 Cani,
1154 3271 1204 3342 uti
1221 3268 1273 3343 vi-

158 3382 287 3469 dimus,
304 3402 361 3456 aut
374 3384 493 3458 saltem
505 3387 597 3458 iuxta
609 3386 760 3459 eiusdem
774 3386 887 3485 placiti
902 3387 1145 3485 expositionem
1158 3386 1270 3484 quoad

157 3523 235 3583 eos,
264 3499 323 3596 qui
353 3500 465 3596 ipsum
492 3517 645 3587 tuentur;
674 3518 744 3574 tum
770 3503 805 3572 in
830 3527 869 3574 eo
894 3518 997 3589 errat,
1013 3488 1116 3600 'quod
1143 3516 1272 3600 spectet

159 3610 364 3685 contractum
383 3614 578 3687 nubentium
603 3617 638 3687 in
660 3634 735 3690 actu
760 3643 827 3716 quo
852 3616 1076 3703 benedicitur,
1096 3611 1269 3690 atinate·

159 3728 241 3799 riam
274 3745 443 3814 remotam,
479 3731 532 3802 cui
565 3748 736 3830 tamquam
761 3733 803 3804 ab
827 3733 1013 3805 extrinseco
1034 3757 1095 3804 ceu
1121 3731 1268 3830 qualitas

158 3837 381 3931 accidentalis,
398 3847 612 3944 superveniat
633 3849 718 3920 ratio
743 3849 963 3935 sacramenti,
991 3874 1067 3920 cnm
1091 3872 1132 3919 ex
1157 3846 1269 3920 catbo

231 4004 280 4066 (23)
296 4006 363 4054 Haec
371 4006 429 4054 sunt
439 4003 514 4055 verba
524 4005 684 4068 spalatensis:
696 4007 783 4057 «Sicut
792 4009 970 4058 sacramentum
978 4006 1094 4070 baptismi
1103 4006 1166 4056 nibd
1176 4006 1270 4056 confert

157 4095 235 4145 aquae
247 4083 272 4133 in
280 4097 333 4135 esse
343 4085 449 4148 perfecto
461 4098 552 4149 aquae,
563 4089 588 4136 at
598 4090 778 4138 sacramentum
789 4088 950 4138 eucharistiae
958 4088 1015 4152 pani
1027 4089 1052 4139 et
1063 4087 1136 4149 vino;
1145 4099 1182 4136 uc
1191 4097 1272 4150 nsque

157 4164 335 4212 sacramentnm
352 4164 502 4214 matrimonii
517 4165 650 4228 quicquam
664 4166 772 4216 conseret
782 4167 918 4216 contractui
929 4167 992 4217 inter
1002 4165 1141 4217 masculum
1151 4167 1177 4216 et
1185 4164 1270 4215 foemi-

156 4254 227 4303 nam;
239 4243 280 4305 qui
293 4246 433 4295 contractus
443 4247 481 4294 est
492 4245 542 4294 iam
553 4246 653 4308 plenum
664 4248 689 4297 et
699 4246 838 4296 absolutum
849 4247 1033 4297 matrimonium
1044 4247 1070 4296 in
1080 4258 1134 4297 esse
1144 4246 1267 4297 matrimo-

155 4319 203 4380 nii,
220 4320 266 4370 iroc
284 4324 334 4384 est,
346 4324 486 4374 contractus
503 4324 628 4375 humani.»
637 4327 682 4387 Op.
695 4327 719 4376 et
729 4324 827 4376 locuit.
839 4338 864 4374 n.
875 4332 913 4375 22.
