2872 5062
161 370 210 442 ta
354 391 417 444 um.
437 392 462 443 ι.
482 391 570 445 sacr.
591 394 616 443 ι.
636 393 679 442 nu
701 392 835 444 ιιιιιι.
856 392 1072 444 samum.

159 511 203 584 ad
219 511 491 599 matrimonium,
512 511 549 581 in
567 535 636 609 qua
652 508 791 582 docem
815 510 965 608 nuptiale
990 534 1057 583 uon
1082 509 1191 583 fuisse
1206 534 1286 611 my·

158 628 298 701 sterium
323 629 446 724 (at)‚»
473 651 562 726 quae
586 651 709 724 nempe
733 652 800 698 uon
825 624 926 698 suerit
950 625 1098 722 legitimo
1122 625 1284 724 coniugio

156 743 282 818 iuncta.
303 742 358 818 Sic
381 744 483 817 etiam
508 742 638 841 passim
661 741 780 815 eadem
804 740 907 815 babet
930 768 961 814 s.
982 740 1210 838 Augustinus,
1228 743 1281 817 nti

156 885 234 933 cnm
259 859 396 933 scribit:
428 859 522 930 «Per
545 857 610 930 boo
634 883 714 955 ergo
738 857 907 931 Dominus
931 856 1095 931 inritatum
1117 858 1211 931 venit
1233 859 1279 932 ad

157 976 313 1075 nuptias,
332 989 372 1047 ut
387 971 573 1070 coniugalis
597 973 736 1046 castims
761 988 970 1061 sanaretur,
990 988 1026 1045 et
1044 972 1284 1047 ostenderetur

154 1087 596 1190 socronwntmnnepticnim
615 1095 736 1187 (bb).»
756 1091 799 1163 Et
813 1091 950 1163 iterum:
970 1091 1040 1161 «ln
1056 1090 1205 1188 nuptiis,
1224 1091 1280 1162 in-

155 1208 248 1308 quit,
276 1207 367 1280 bona
390 1207 557 1306 nuptialia
581 1206 765 1305 ddigantur
795 1205 928 1305 proles,
957 1206 1062 1294 fides,
1090 1230 1282 1280 sacroment-

156 1339 225 1395 tom
251 1326 342 1418 (bb);
359 1351 379 1392 ι
406 1338 440 1408 et
468 1322 570 1410 alibi,
598 1339 638 1396 ut
660 1337 881 1422 contraponat
911 1346 1121 1421 paganonrm
1145 1322 1278 1423 nuptiis

155 1437 293 1536 nuptias
309 1437 526 1526 christianas,
543 1437 679 1512 scribit:
698 1439 760 1509 «lu
771 1437 1032 1510 christianarum
1049 1438 1180 1537 nuptiis
1196 1439 1278 1538 plus

154 1552 245 1626 valet
265 1556 426 1626 sanctitas
449 1555 664 1638 monenti,
685 1576 788 1652 pam
813 1552 1026 1627 foecundius
1040 1554 1128 1627 uteri
1148 1554 1274 1651 (b‘tpa

153 1669 202 1742 Aa
224 1671 345 1744 cateus
370 1669 539 1745 eiusnodi
561 1667 829 1770 praetermissis,
846 1669 914 1743 duo
931 1685 1012 1742 sunt
1031 1669 1224 1745 mamonis
1239 1671 1278 1744 in

154 1784 280 1884 quibus
304 1781 380 1859 eius
400 1807 502 1860 mens
526 1785 570 1858 de
593 1784 795 1858 sacramenti
826 1783 930 1857 huius
961 1784 1102 1858 veritate
1130 1785 1280 1860 mamma

154 1897 288 1999 patefit,
309 1923 351 1975 ac
371 1922 496 1975 sensus
512 1897 554 1974 ia
580 1925 647 2001 quo
672 1901 749 2000 ipse
772 1898 975 1974 scemmenti
997 1925 1115 1974 vocem
1130 1919 1278 2002 usurpat

153 2035 259 2114 agene
275 2016 322 2090 dc'
335 2013 493 2116 coniugio
510 2015 707 2091 obristiano.
737 2017 884 2089 Primum
901 2031 972 2103 est,
993 2016 1054 2089 imi
1069 2017 1276 2092 matrimonii

153 2148 401 2206 sacramentum
425 2132 566 2206 confert*
579 2149 656 2205 oum
677 2147 888 2206 sacmmcnto
912 2129 1074 2231 baptismi
1098 2132 1275 2207 scribens:

155 2247 357 2334 «Quoniam
371 2268 455 2322 saue
479 2269 555 2321 non
572 2246 701 2321 tautum
725 2246 957 2334 foecunditas,
977 2246 1076 2320 cuius
1093 2246 1223 2321 buotus
1240 2247 1278 2320 io

151 2362 246 2464 prole
262 2380 332 2450 est;
353 2375 416 2437 tte'c
431 2379 562 2436 tantum
589 2360 772 2463 pudicitia,
793 2361 892 2435 ouius
906 2361 1080 2436 vinculum
1096 2379 1150 2437 ast
1165 2362 1275 2451 fidffl?

150 2500 268 2551 rernm
285 2478 388 2551 etiam
398 2477 570 2577 unaldum
585 2493 824 2550 sacamentum
844 2480 1035 2576 nrtptt'rrnam
1058 2478 1274 2551 commenda-

152 2611 207 2666 tur
229 2595 382 2693 fidelibus
405 2586 620 2692 coniugatis.
684 2594 802 2668 liniue
828 2592 1050 2693 proculdubio
1077 2596 1280 2667 somnianti

151 2734 205 2783 res
231 2723 303 2798 est,
329 2727 368 2783 ut
391 2727 525 2784 masat
548 2701 696 2784 foemina
720 2710 889 2784 connubio
913 2710 1080 2810 copulati,
1108 2710 1273 2810 quamdiu

149 2825 280 2911 vivunt,
296 2826 564 2923 imeporobiliter
577 2840 803 2924 perseverent.
819 2883 827 2896 .
844 2884 851 2896 .
869 2827 919 2898 lta
931 2841 1046 2898 manet
1062 2826 1152 2898 inter
1164 2825 1280 2899 nivem

150 2957 200 3014 tes
217 2942 381 3042 quiddam
398 2942 593 3040 coniugale,
609 2943 701 3042 quod
718 2963 781 3014 neo
799 2943 985 3041 separatio,
1002 2968 1066 3016 uec
1079 2960 1156 3015 cum
1169 2942 1277 3016 altero

149 3057 317 3156 copulatio
341 3059 450 3157 possit
467 3059 617 3131 autema:
637 3075 751 3131 manet
767 3075 878 3131 auam
896 3059 939 3131 ad
957 3082 1079 3132 noxam
1095 3058 1269 3146 criminis,

150 3201 216 3247 non
242 3168 285 3247 ad
310 3174 482 3250 viaculum
516 3175 682 3262 foederis,
712 3175 800 3250 sicut
828 3191 1003 3274 apostatae
1034 3175 1148 3247 anima
1174 3175 1269 3248 velut

148 3290 192 3362 de
215 3290 372 3387 coniugio
396 3290 522 3365 Christi
547 3293 727 3379 recedens,
756 3292 857 3364 ctiam
884 3291 950 3363 fide
975 3291 1125 3390 perdita,
1155 3316 1273 3365 sacra⁴

148 3423 296 3480 mentum
330 3391 409 3479 fidei
442 3435 508 3481 uon
542 3409 682 3496 amittit,
716 3409 807 3508 quod
839 3408 974 3481 lavacro
1005 3408 1271 3505 regenerationis

149 3522 278 3622 accepit
295 3523 388 3618 (58).
403 3552 421 3592 a
442 3511 589 3596 Alterum
614 3540 667 3597 est
691 3525 775 3596 iliud
801 3524 835 3595 in
862 3550 930 3624 quo
955 3524 1149 3621 coniugium
1176 3523 1270 3597 oom-

149 3652 246 3736 parat
269 3663 344 3712 curu
372 3625 580 3714 sacramento
605 3632 839 3714 ordinationis.
861 3635 992 3714 Etenim
1017 3656 1197 3739 postquam
1214 3640 1271 3712 di·

146 3754 272 3840 xisset,
290 3771 329 3827 nt
344 3757 531 3844 retulimus,
551 3759 708 3830 «Bonum
725 3758 918 3856 nuptiarum
936 3784 1000 3857 per
1013 3780 1130 3830 omnes
1146 3774 1268 3854 gentes
1290 3743 1293 3748 ⁵

217 3968 268 4031 (at)
284 3969 361 4032 Epist.
373 3970 491 4020 chVss.
499 3969 536 4021 od
545 3972 682 4021 Rmttcnnt
690 3969 846 4022 narbonens.
857 3973 934 4036 episc.
944 3971 970 4022 in
981 3984 1046 4035 resp.
1053 3969 1086 4020 ad
1095 3969 1207 4034 inquisit.
1218 3972 1265 4020 w.

144 4048 184 4097 ed.
196 4048 312 4099 ballerin.
324 4052 385 4099 tom.
397 4051 418 4098 1.
430 4050 478 4100 col.
493 4055 561 4101 ttae.

218 4129 270 4191 (55)
288 4132 375 4180 Tract.
385 4132 427 4180 lx.
441 4130 467 4179 iu
480 4133 517 4180 lo.
527 4144 554 4180 u.
568 4137 591 4180 t.

219 4209 269 4271 (56)
285 4209 339 4259 Lib.
353 4212 372 4259 1.
387 4213 426 4260 Dc
437 4212 512 4274 nupt.
528 4213 554 4260 et
569 4213 714 4274 concupisc.
728 4226 750 4262 c.
762 4214 826 4263 xvl.
839 4225 863 4263 n.
877 4217 914 4264 19.

217 4290 267 4352 (57)
283 4288 337 4340 Lib.
353 4293 391 4340 De
403 4290 469 4342 bono
479 4291 613 4356 contuenti
629 4306 653 4341 c:
664 4290 752 4344 xvtlt.
767 4307 793 4344 ιι.
809 4301 848 4345 21.

218 4368 269 4433 tes)
285 4369 340 4422 cin.
352 4372 372 4420 t.
388 4373 426 4422 De
441 4361 516 4436 nupt.
527 4385 549 4422 c.
562 4377 592 4424 x.
603 4385 628 4422 n.
643 4380 680 4424 tt.
