2872 5062
242 362 310 432 310
436 384 496 433 tn.
519 382 543 430 ι.
565 382 650 431 secr.
674 381 803 430 iurant.
825 382 864 430 na
891 382 1021 431 urrnrn.
1049 381 1155 431 crvrm.

240 501 406 574 eiusmodi
427 527 466 572 ac
484 501 685 572 facinorosis
704 499 898 572 hominibus
924 500 1082 573 coalescit
1107 515 1209 598 atque
1234 501 1362 573 consti·

242 619 357 690 tuitur.
389 617 512 690 Poterit
537 617 673 715 quidem
700 616 879 689 multitudo
904 642 981 689 esse
1006 618 1116 715 magis
1134 617 1290 692 minusve
1306 645 1362 690 re-

240 735 381 832 ligiosa,
411 735 488 834 plus
514 734 670 806 minusve
687 733 731 805 ab
748 733 861 806 officio
886 733 1092 820 desciscere,
1116 749 1263 806 attamen
1282 734 1363 807 reli-

240 851 358 949 giosus
376 875 497 923 sensus
511 850 545 921 in
559 876 599 923 ea
613 875 753 948 prorsus
771 875 838 922 non
856 850 1097 948 exstinguitur,
1118 851 1221 923 immo
1239 850 1364 948 iugiter

241 968 379 1041 virescit
406 968 441 1038 in
467 967 590 1039 animis
625 966 841 1039 observantia
867 981 899 1038 et
925 965 1126 1065 obsequium
1148 987 1236 1063 'erga
1269 965 1363 1039 illam

242 1083 456 1180 religionem,
479 1082 513 1152 in
529 1107 630 1180 quaa
644 1082 769 1154 teneris
787 1079 981 1178 unguiculis
995 1081 1149 1155 instituta
1162 1096 1195 1154 et
1207 1079 1276 1153 alta
1293 1099 1358 1154 est.

240 1201 275 1271 Si
303 1216 482 1299 propterea
504 1215 727 1298 proponatur,
754 1216 813 1274 aut
833 1199 998 1272 condatur
1022 1198 1094 1284 lex,
1123 1223 1212 1297 quae
1238 1199 1285 1271 sit
1309 1224 1363 1270 re·

240 1317 359 1413 ligioni
386 1317 569 1402 contraria,
600 1316 673 1388 lieri
700 1343 767 1388 non
793 1331 903 1416 potest
927 1315 1010 1414 quin
1035 1314 1201 1388 excitatur
1224 1313 1362 1412 publica

242 1433 446 1529 indignatio,
476 1448 578 1531 atque
603 1433 703 1504 etiam
731 1432 835 1504 animi
861 1432 995 1504 aversio
1017 1447 1087 1504 tum
1109 1446 1226 1504 contra
1251 1430 1361 1529 legem

241 1537 371 1648 ipsam,
392 1563 463 1621 tum
481 1565 597 1621 contra
614 1574 693 1637 eos,
716 1550 775 1648 qui
793 1548 900 1645 legem
927 1548 1020 1620 illam
1046 1563 1237 1648 proponant
1257 1535 1364 1647 eique

240 1666 515 1763 patrocinantur,
540 1665 646 1737 multo
664 1691 743 1739 vero
763 1666 873 1762 magis
888 1666 923 1737 in
936 1665 1082 1764 eosqui
1095 1689 1170 1737 eam
1189 1665 1358 1738 sanciunt.

315 1781 414 1867 Quod
438 1782 466 1854 si
491 1782 555 1854 hoc
577 1807 694 1854 verum
719 1798 791 1869 est,
812 1806 853 1854 ac
870 1782 913 1854 de
934 1781 1085 1880 qualibet
1111 1780 1277 1879 religione
1292 1781 1361 1854 dici

243 1913 366 1996 potest,
379 1898 485 1971 multo
499 1898 608 1995 magis
627 1898 788 1971 affirmari
807 1898 841 1970 id
855 1898 955 1971 debet
971 1898 1015 1971 de
1033 1896 1197 1994 religione
1215 1897 1362 1971 sanctis-

242 2015 351 2101 sima,
380 2039 537 2114 quaeque
555 2040 702 2088 amorem
729 2013 932 2113 populorum
959 2013 1023 2086 sibi
1048 2013 1217 2101 vindicat,
1247 2013 1361 2086 cuius-

234 2129 333 2211 modi
352 2119 404 2201 est
426 2128 543 2226 religio
569 2128 758 2214 catholica,
788 2153 828 2200 ex
854 2155 922 2228 qua
948 2127 1110 2200 tathone
1135 2127 1168 2198 in
1196 2127 1358 2227 populum

240 2245 424 2318 universim
451 2260 552 2345 atque
578 2245 612 2315 in
639 2245 794 2318 homines
820 2244 973 2342 singulos
999 2232 1213 2343 proveniunt.
1245 2244 1283 2316 ln
1310 2270 1360 2316 re-

241 2362 388 2458 ligione,
410 2361 568 2461 inquam,
590 2360 776 2447 catholica,
797 2387 885 2459 quae
901 2361 1001 2433 unice
1018 2375 1186 2446 vera‘est,
1203 2380 1361 2460 quaeque

241 2475 411 2548 evidentia
436 2502 497 2574 pro
518 2502 555 2548 se
576 2491 624 2549 tot
650 2475 752 2547 habet
773 2474 1006 2548 credibilitatis
1034 2490 1253 2572 argumenta,
1273 2501 1360 2574 quae

241 2615 308 2662 non
328 2591 395 2662 iam
409 2591 444 2660 in
457 2591 617 2690 opinione
629 2607 760 2665 tantum
775 2591 961 2664 subiectiva
979 2590 1266 2691 quemadmodum
1284 2616 1361 2691 pro-

242 2706 493 2793 testantismus,
512 2721 571 2778 aut
588 2705 655 2779 alia
673 2706 846 2806 quaelibet
862 2722 954 2780 secta
971 2706 1015 2779 ab
1032 2706 1182 2779 humana
1200 2707 1360 2806 superbia

245 2846 284 2894 ac
317 2821 549 2920 perduellione
583 2838 701 2921 parta,
731 2823 791 2895 sed
817 2837 885 2896 tota
910 2823 1046 2896 divinae
1072 2823 1150 2895 fidei
1176 2823 1354 2909 innititur,

241 2964 397 3037 quaeque
427 2938 557 3011 radices
583 2937 768 3012 altissimas
794 2939 829 3010 in
855 2939 955 3013 corde
981 2939 1078 3026 lixit;
1108 2939 1143 3010 in
1169 2938 1356 3037 religione,

242 3054 400 3152 inquam,
426 3053 612 3141 catholica,
634 3055 817 3154 quaelicet
835 3055 1003 3128 interdum
1021 3071 1117 3128 aestu
1134 3054 1357 3154 cupiditatum

240 3169 362 3258 iacere,
384 3187 417 3242 et
435 3171 533 3269 quasi
560 3168 779 3268 languescere
803 3171 975 3257 videatur,
996 3187 1107 3244 tamen
1132 3170 1232 3244 hisce
1252 3170 1360 3243 deler-

240 3285 476 3372 vescentibus,
507 3285 606 3360 lacile
632 3288 772 3360 resumit
789 3287 966 3386 imperium
990 3313 1109 3375 suum,
1132 3285 1306 3360 reviviscit
1321 3312 1359 3359 ac

241 3400 424 3495 germinat;
455 3428 542 3501 quae
568 3402 715 3502 denique
740 3401 817 3476 talis
843 3420 917 3489 est,
944 3419 980 3476 ut
1005 3404 1077 3476 eius
1104 3401 1360 3502 pulchritudine

239 3531 273 3588 et
297 3516 474 3590 sanctitate
499 3518 677 3617 capiantur
701 3546 767 3593 non
794 3520 892 3618 pauci
911 3546 952 3593 er
970 3519 1056 3619 ipsis
1075 3519 1356 3619 protestantibus,

240 3631 299 3731 qui
326 3631 410 3705 tales
436 3660 502 3705 non
529 3650 609 3706 sunt
633 3660 673 3705 ex
698 3634 866 3706 destinata
892 3634 1040 3722 malitia,
1066 3649 1169 3734 atque
1185 3633 1230 3706 ad
1248 3659 1360 3707 aman-

240 3748 393 3821 tissimae
419 3749 535 3820 matris
561 3749 725 3847 gremium
751 3765 975 3837 revertuntur,
998 3764 1035 3822 ut
1051 3748 1259 3824 suavissima
1277 3749 1359 3823 inte-

241 3864 318 3935 riori
348 3890 431 3962 pace
452 3865 616 3937 fruantur.
640 3864 723 3936 Cum
743 3865 856 3964 itaque
875 3866 1022 3964 populus
1040 3865 1229 3939 catholicus
1247 3881 1359 3938 cernat

238 3977 345 4076 legem
364 3980 524 4079 proponi,
541 4005 629 4080 quae
643 4006 725 4053 suae
744 3979 898 4077 religioni
918 3981 1131 4067 adversatur,
1147 4006 1223 4054 eam
1242 3981 1357 4055 intime

238 4093 359 4182 laedit,
389 4096 657 4195 gravissimaque
675 4095 780 4170 allicit
798 4097 937 4185 iniuria,
959 4121 1026 4172 non
1045 4113 1156 4197 potest
1173 4123 1242 4172 nou
1259 4098 1358 4173 vehe-

240 4227 368 4284 menter
392 4212 579 4310 permoveri
606 4228 639 4285 et
663 4220 822 4302 concuti,
852 4215 955 4289 immo
980 4214 1167 4313 perturbari
1193 4240 1235 4287 ac
1258 4212 1355 4287 irasci

240 4325 403 4400 adversus
428 4327 554 4426 legem,
584 4344 617 4402 et
641 4329 805 4403 adversus
831 4329 1057 4427 legislatores,
1085 4329 1145 4429 qui
1172 4329 1355 4430 improvide
