2872 5062
340 382 409 432 Gdl’.
427 382 474 432 lll.
493 384 533 432 DE
556 381 687 434 ΙΑΤΒΙΙ.
711 383 823 434 civitas
844 383 935 433 LEGE·
957 382 1028 434 alti.
1048 382 1095 434 111.
1213 363 1281 433 315

163 516 256 574 certo
281 525 420 573 noscere
446 501 578 598 poterit.
608 500 772 572 Nimirum
803 499 999 574 adolescunt
1025 502 1060 572 in
1084 500 1281 577 scandalum

166 635 200 690 et
226 616 409 716 perniciem
435 616 604 690 societatis
622 616 712 711 (lo).

239 731 372 804 Directe
397 746 508 803 autem
534 731 651 803 eadem
669 730 723 803 lex
741 731 872 805 inducit
888 733 924 804 in
943 757 1073 805 morum
1098 735 1283 832 corruptio-

165 874 246 920 nem
274 873 315 920 ac
344 846 561 934 foeditatem,
594 863 762 946 quatenus
791 847 1026 922 contrahentes
1052 849 1225 923 constituit
1248 851 1283 922 in

165 981 254 1038 statu
281 964 490 1063 permanenti
516 963 643 1062 publici
670 964 928 1038 concubinatus.
957 963 1126 1038 Obductio
1141 989 1221 1039 vero
1238 965 1285 1038 le-

165 1081 253 1179 galis
276 1079 401 1166 vestis,
430 1104 491 1152 seu
516 1078 710 1167 exterioriS,
739 1096 777 1152 ut
801 1081 849 1153 ita
872 1080 1002 1167 dicam,
1032 1079 1217 1153 indumenti
1243 1105 1283 1154 ac

164 1196 278 1296 pallii,
308 1194 387 1267 talis
413 1220 479 1268 non
505 1212 577 1281 est,
598 1211 636 1267 ut
652 1193 787 1267 illorum
805 1210 894 1292 tegat
912 1195 1130 1293 ignominiam
1151 1221 1192 1268 ac
1213 1212 1284 1268 tnr-

158 1310 366 1412 pi'tudinam.
386 1310 505 1383 'Velim
529 1309 636 1384 nolint
658 1311 943 1411 :pseudo-politici
957 1314 968 1400 ,
982 1311 1082 1386 .tales
1107 1311 1283 1385 *habentur

165 1429 209 1501 ab
224 1427 396 1528 opinione
426 1426 588 1526 publica,
617 1452 657 1500 ao
689 1427 817 1500 tamdiu
848 1426 1086 1515 habebuntur,
1120 1427 1283 1527 maradian

164 1568 287 1616 sensus
313 1542 452 1615 moralis
475 1540 640 1639 viguerit,
661 1568 702 1616 ac
725 1542 921 1639 religiosum
941 1542 1143 1616 elementum
1161 1544 1283 1641 persti-

165 1661 254 1734 terit.
279 1657 442 1733 Probrum
469 1658 504 1729 in
530 1683 645 1732 eurum
671 1657 836 1732 frontibus
858 1658 1038 1732 indelebile
1065 1659 1187 1756 iugiter
1211 1684 1283 1731 ma·

165 1773 270 1849 ne'bit.
299 1774 372 1848 Nisi
401 1774 605 1848 contendant
630 1774 816 1847 adversarii
847 1775 1106 1848 concubinatum
1131 1800 1192 1848 seu
1217 1775 1284 1848 lor-

165 1889 331 1964 ·nioariam
368 1888 637 1963 coniunctionem
672 1889 886 1963 innocentem
915 1917 956 1964 ac
991 1892 1172 1964 innocuam
1206 1917 1284 1964 esse

168 2006 379 2092 habendam,
411 2022 513 2105 atque
538 2005 735 2079 avitiorum
760 2031 865 2079 censu
889 2005 1090 2093 delendam,
1115 2007 1283 2082 fateantur

164 2147 309 2196 necesse
321 2137 381 2194 est
401 2121 455 2194 vel
473 2121 585 2208 inviti,
606 2120 713 2218 legem
731 2120 841 2208 illam,
862 2147 951 2220 quae
969 2121 1173 2196 christianos
1191 2123 1282 2196 cives

164 2239 200 2310 in
226 2237 480 2311 fornicationem
506 2236 679 2335 publicam
704 2236 851 2324 inducit,
872 2235 937 2310 huc
955 2237 1030 2335 ipso
1056 2237 1216 2310 inducere
1232 2238 1280 2309 in·

164 2370 214 2428 ter
226 2354 317 2429 cives
331 2352 491 2427 moralem
506 2353 764 2451 corruptionem.
788 2353 863 2439 Quo
880 2378 959 2427 vero
976 2353 1085 2451 magis
1104 2355 1283 2450 augeretur

164 2494 328 2542 numerus
351 2494 483 2556 eorum,
504 2467 564 2568 qui
582 2467 694 2541 alieno
712 2465 890 2556 scandalo,
919 2482 977 2541 aut
1000 2466 1153 2567 exemplo
1179 2467 1282 2541 illecti

164 2584 331 2658 eiusmodi
350 2584 488 2682 nuptias
506 2584 646 2669 inirent,
663 2609 703 2656 eo
717 2583 823 2657 maior
839 2583 903 2657 erit
920 2581 1186 2682 delinquentium
1200 2583 1283 2656 mul-

163 2700 291 2788 titudo,
320 2726 361 2773 ac
385 2700 527 2799 proinde
552 2726 682 2773 morum
708 2698 920 2800 publicorum
945 2699 1167 2799 depravatio,
1195 2725 1282 2800 quae

166 2816 210 2889 ab
234 2842 274 2890 ea
298 2816 372 2914 lege
398 2817 560 2914 originem
586 2817 743 2891 traheret.

240 2933 340 3006 Porro
367 2932 452 3029 legis
479 2959 519 3005 ac
545 2932 748 3030 legislatoris
765 2960 890 3008 munus
910 2959 970 3008 seu
988 2934 1135 3007 officium
1153 2947 1206 3004 est
1221 2931 1282 3005 bo

165 3073 229 3120 nos
256 3074 367 3122 mores
388 3073 605 3147 promovere,
627 3049 757 3138 lovere,
786 3075 825 3122 ae
851 3050 885 3123 in
912 3050 1033 3124 melius
1054 3047 1174 3145 iugiter
1199 3045 1281 3117 diri-

237 3316 288 3380 (ta)
304 3320 340 3367 De
349 3318 497 3370 eiuscemodi
509 3319 616 3382 nuptiis,
630 3319 763 3382 liberisque
779 3319 837 3369 inde
853 3319 986 3382 progenitis
996 3330 1054 3370 vere
1064 3317 1153 3370 cecinit
1164 3316 1283 3368 Horatius

162 3398 208 3448 lib.
220 3400 265 3448 111,
276 3398 316 3449 od.
328 3401 371 3450 vt.

359 3499 371 3522 «ι
386 3478 516 3531 Fuccunda
525 3479 612 3542 culpae
623 3480 723 3530 saecula
742 3479 841 3543 nuptias

388 3560 498 3610 Primum
509 3560 683 3623 inquinavere,
699 3561 724 3610 et
737 3572 825 3623 genus,
842 3561 867 3611 et
882 3559 982 3611 domos:

450 3641 504 3689 Hoc
521 3639 589 3689 fonte
604 3638 716 3690 derivata
728 3639 812 3690 eladae

513 3723 542 3770 lu
558 3720 663 3784 patriam
673 3717 842 3784 populumque
855 3720 978 3772 duxit...

390 3804 443 3851 Nun
455 3801 494 3851 bis
503 3803 619 3851 iuventus
630 3803 685 3851 orta
698 3801 838 3864 parentibus

390 3880 476 3931 iniecit
489 3893 581 3943 aequor
597 3880 715 3944 sanguine
730 3880 840 3944 Punico,

452 3962 624 4025 Pyrrhumque
634 3963 660 4012 et
669 3962 792 4025 ingentem
804 3961 894 4013 cecidit

511 4043 676 4106 Antiochum,
693 4043 907 4108 Hannibalemque
921 4044 1002 4095 dirum
1006 4081 1051 4094 .....

390 4126 514 4174 Damnosa
526 4122 587 4186 quid
599 4136 648 4174 non
658 4123 785 4174 imminuit
794 4124 863 4175 dies?

392 4204 465 4254 Aetas
474 4203 616 4265 parentum,
626 4203 695 4266 peior
706 4204 773 4266 avis,
784 4202 843 4252 tulit

450 4285 499 4333 Nos
516 4283 659 4346 nequiores,
679 4295 738 4333 mox
756 4282 858 4333 daturos

512 4364 656 4427 Progeniem
671 4363 840 4416 viticomam.»
