2872 5062
323 398 391 446 car.
408 397 432 444 ι.
450 397 490 444 ns
508 396 638 446 ιιιιιιιιι.
659 394 771 443 crvmrs
799 393 933 442 utrum.
958 394 1027 441 ιιι.
1046 394 1092 442 ιιι.
1197 371 1264 440 att

158 515 322 590 ecclesiae
345 513 510 587 sententia
539 527 591 584 est
613 510 763 585 validum
786 535 968 609 verumque
993 511 1204 607 coniugium
1233 530 1268 585 at

157 659 197 705 eo
223 632 300 730 ipso
324 645 376 703 est
400 626 653 713 indissolubile,
686 643 719 699 et
748 625 827 700 lieet
859 651 920 725 per
953 625 1059 723 legale
1087 624 1280 700 divortium-

158 746 243 820 solvi
263 744 412 832 dicatur,
441 759 553 817 manet
577 760 687 816 tamen
713 742 987 841 impedimentum
1011 742 1205 840 ligaminis,
1235 761 1268 816 et

151 839 328 933 ‘secundae
361 858 544 957 tertiaeque
578 857 715 957 nuptiae
740 884 760 929 a
785 856 994 956 polygamiae
1028 872 1105 929 nota
1130 858 1266 954 purgari

157 989 339 1072 nequeunt.
362 971 426 1044 Ubi
443 998 522 1045 vero
549 972 765 1044 tridentinum
796 989 847 1044 est
876 971 1082 1070 publicatum
1103 997 1143 1045 eo
1169 973 1264 1070 ipsc,

158 1088 249 1189 quod
283 1088 476 1185 coniugium
510 1087 609 1162 civile
641 1113 706 1160 non
736 1103 788 1160 est
811 1086 980 1174 validum,
1017 1087 1097 1159 dum
1132 1112 1267 1161 sucees-

157 1205 231 1279 sive
252 1204 366 1304 plures
388 1204 556 1277 ducuntur
576 1229 713 1291 uxores,
739 1229 852 1277 revera
872 1230 912 1276 ex
931 1202 1094 1277 ecclesiae
1117 1203 1267 1278 doctrina

158 1321 196 1392 fit
221 1321 383 1394 transitus
408 1347 448 1394 ex
471 1346 538 1394 uno
563 1320 598 1391 in
625 1319 763 1393 alterum
788 1319 1059 1406 concubinatum,
1080 1319 1138 1418 qui
1156 1335 1268 1392 mmen

157 1463 199 1508 ex
224 1435 404 1536 hypothesi
430 1435 699 1510 adversariorum
724 1435 767 1507 de
790 1434 963 1508 validitate
987 1433 1098 1508 civilis
1120 1434 1268 1530 coniugii

127 1646 131 1654 .
157 1549 305 1649 speciem
331 1549 432 1623 habet
456 1550 592 1625 omnino
618 1550 843 1651 polygamiae.

218 1658 276 1738 ¹hc
292 1691 329 1738 re
345 1665 482 1764 quidem
504 1690 595 1751 vera,
620 1664 763 1738 ecclesia
787 1665 953 1739 eiusmodi
972 1664 1121 1739 civil-ium
1138 1666 1269 1765 nuptia·

158 1808 231 1855 rum
257 1780 383 1854 nullam
409 1781 569 1855 rationem
595 1780 722 1868 habet,
750 1807 875 1880 easque
900 1807 961 1854 ceu
982 1781 1118 1854 totidem
1142 1780 1269 1854 abomi-

155 1898 308 1972 nationes
320 1897 522 1984 detestatur;
539 1897 668 1970 nullum
685 1914 858 1997 praeterea
871 1898 948 1995 ipsa
961 1924 1121 1997 nmquam
1136 1899 1170 1968 in
1185 1899 1271 1972 retis

156 2012 466 2112 consummatisque
483 2013 651 2112 coniugiis
669 2013 928 2086 christianorum
946 2012 1124 2086 divortium
1147 2012 1270 2086 admit-

157 2130 217 2202 tit:
246 2123 314 2229 quo
343 2128 381 2202 fit
403 2142 441 2201 ut
464 2155 580 2202 omnes
616 2127 809 2226 illegitimas
842 2144 1025 2227 turpesque
1055 2127 1180 2224 legales
1205 2128 1291 2202 has·

156 2243 410 2318 coniunctiones
437 2259 564 2343 spectet
587 2261 758 2344 tamquam
783 2243 983 2315 materialem
1000 2241 1119 2315 saltem
1135 2241 1271 2342 polyga-

156 2360 276 2446 miam,
297 2384 337 2433 eo
354 2384 458 2433 sensu
476 2386 577 2459 quem
595 2358 659 2432 sub
683 2359 786 2432 huius
812 2357 943 2431 articuli
962 2358 1095 2430 initium
1113 2360 1268 2456 exposui-

156 2501 246 2548 mus.
276 2466 442 2562 Quocirca
463 2476 514 2564 ei,
537 2502 636 2576 quae,
656 2476 798 2569 dimisso
816 2474 920 2573 priori
944 2473 1099 2571 coniuge,
1119 2473 1214 2548 alteri
1239 2490 1271 2548 et

157 2589 253 2664 alteri
281 2591 473 2665 successive
490 2591 642 2679 nuberet,
663 2589 789 2664 Christi
805 2591 942 2663 effatum
960 2590 1004 2663 ad
1023 2589 1197 2663 mulierem
1215 2616 1272 2664 sa-

157 2704 355 2778 maritanam
378 2704 544 2805 prolatum
561 2705 635 2778 iure
652 2706 821 2805 quispiam
839 2703 1093 2779 accommodare
1104 2720 1220 2804 posset
1232 2732 1272 2779 ac

158 2819 286 2894 dicere:
309 2820 459 2920 Quinque
483 2821 628 2896 larvatos
652 2823 741 2893 circs
762 2824 848 2916 (seu
865 2821 1028 2917 maritos)
1050 2822 1214 2907 habuisti;
1241 2839 1274 2895 ct

159 2960 247 3007 nuuc
259 2961 351 3033 quem
364 2937 463 3008 bobes
472 2962 536 3008 ocu
549 2951 596 3009 est
609 2950 683 3008 tuus
695 2938 749 3009 vir
760 2939 849 3033 (32);
864 2937 937 3011 viro
950 2936 1117 3026 similiter,
1128 2938 1187 3036 qui
1201 2962 1274 3010 suc·

159 3040 292 3123 cessive
308 3049 434 3148 legales
451 3050 588 3149 nuptias
605 3051 848 3139 contraxisset,
870 3067 986 3150 posset
1005 3053 1083 3151 quis
1101 3051 1269 3150 ingerere:

159 3163 311 3264 Quisque
327 3163 474 3238 larvatas
491 3192 610 3238 umores
630 3166 789 3252 habuisti,
811 3180 842 3238 et
857 3193 944 3238 nuuc
960 3192 1059 3264 quem
1077 3168 1191 3253 hebes,
1209 3194 1273 3241 uon

158 3293 207 3351 est
231 3293 289 3353 tue
311 3305 410 3352 umor.
431 3281 557 3379 Nempe
586 3280 639 3354 sin
664 3281 776 3355 minus
801 3281 841 3354 de
863 3283 948 3366 iure,
978 3281 1098 3356 saltem
1122 3283 1161 3355 de
1185 3285 1274 3382 secto

159 3393 202 3466 ad
226 3393 313 3492 legis
334 3396 578 3495 praescriptum
603 3397 815 3498 polygamiae
840 3399 966 3471 crimen
992 3399 1233 3474 admitteretur.

230 3510 297 3583 Sed
317 3527 354 3584 ut
370 3510 531 3585 directius
549 3512 597 3600 id,
618 3513 709 3613 quod
727 3514 979 3613 proposuimus,
999 3514 1207 3617 evincamus,
1226 3517 1296 3616 itu⁸

160 3625 415 3723 progredimur:
437 3654 513 3701 cum
531 3627 635 3702 semel
660 3629 769 3702 civilis
794 3630 974 3704 auctoritas
992 3631 1150 3731 opposita
1165 3632 1273 3705 ecole-

159 3738 233 3812 siae
257 3739 447 3814 auctoritati
469 3740 535 3815 sibi
561 3742 615 3815 ius
640 3759 782 3842 usurpat
798 3744 833 3816 in
851 3743 1083 3833 matrimonia,
1103 3761 1274 3844 tamquam

159 3853 194 3926 in
212 3880 282 3928 rem
301 3881 414 3944 suam,
430 3882 539 3956 eaque
551 3857 653 3932 habet
664 3859 707 3931 ad
721 3859 829 3933 instar
844 3875 1028 3934 ceterorum
1042 3877 1273 3936 contractuum

160 3967 363 4069 emptionis,
378 3970 600 4061 venditionis,
621 3972 797 4048 locationis
810 3988 873 4048 etc.
885 3976 969 4050 adeo
987 3993 1025 4050 ut
1040 4002 1161 4050 uxores
1179 4001 1272 4072 agro,

162 4082 296 4172 domui,
311 4084 421 4160 bobus
434 4087 688 4188 pecudibusque
705 4116 792 4188 pene
808 4107 1063 4191 comparentur,
1083 4091 1151 4164 iam
1169 4105 1272 4190 patet,

162 4198 416 4295 ipsameodem
443 4201 526 4291 iure,
555 4229 622 4302 quo
647 4221 756 4304 potest
779 4206 958 4280 decernere
975 4206 1023 4280 uti
1040 4205 1173 4280 validos
1197 4205 1276 4312 legi-

236 4351 288 4414 (32)
304 4354 340 4402 lo.
351 4355 404 4416 lv,
417 4365 453 4407 ts.
1175 4436 1177 4440 Δ

1184 4443 1205 4488 ἃ
