2872 5062
251 366 322 416 aar.
340 366 385 414 rt.
402 365 442 415 nr
460 365 579 416 sacar.
597 364 656 415 mo
669 363 749 414 arar
763 365 804 414 nn
816 363 912 414 arra.
930 363 993 413 arv.
1006 364 1077 414 aar.
1094 364 1130 413 u.
1198 341 1266 412 379

156 482 299 583 nuptiis.
321 480 421 579 Atqui
441 481 475 551 in
493 480 592 578 longo
610 481 712 555 totius
735 478 820 577 legis
845 479 1200 580 schemate'nnspiam
1228 509 1271 556 ne

156 597 298 672 verbam
316 595 453 695 quidem
470 597 615 669 occurrit
633 596 718 670 ritus
736 596 884 693 religiosi
899 595 962 668 hae
980 595 1014 667 in
1033 621 1149 682 sensu,
1165 598 1270 672 multa

157 738 236 786 vera
262 711 376 784 minus
403 711 609 799 insinuatio,
631 728 689 785 aut
713 712 900 785 exhortatio
924 711 967 784 ad
994 738 1071 784 eum
1097 710 1272 786 celebrau-

157 828 253 902 dum.
278 827 441 900 Videntur
467 827 581 927 potius
607 828 761 900 catholici
787 827 955 900 eiusmodi
986 827 1195 924 legislatores
1218 829 1272 902 vel

159 945 270 1043 ipsam
296 942 381 1015 ritus
409 942 558 1040 religiosi
583 942 787 1016 mentionem
811 943 940 1016 timere.
962 943 1050 1040 llrga
1067 943 1205 1016 mentita
1221 959 1274 1016 est

159 1057 323 1157 iniquitas
349 1057 445 1145 sibi,
482 1058 565 1131 dum
590 1057 678 1130 faeta
702 1057 881 1131 destruunt
904 1057 1082 1130 verborum
1108 1073 1273 1156 protesta-

161 1174 282 1247 tiones.
632 1169 633 1173 ¹

230 1288 343 1388 Atque
366 1287 423 1361 hia
443 1287 633 1362 nullatenus
660 1287 922 1386 praetermittere
939 1287 1045 1361 debeo
1063 1288 1273 1362 animadver-

161 1403 291 1476 sionem
309 1404 400 1476 circa
418 1402 622 1500 singularem
636 1404 776 1476 istorum
791 1403 964 1475 hominum
983 1403 1273 1502 phrasaeologiam

160 1516 406 1616 verborumque
418 1516 607 1604 circuitum,
622 1542 691 1615 quo
703 1532 854 1604 utuntur,
866 1517 909 1590 de
922 1517 1079 1615 coniugio
1089 1517 1274 1593 christiano

160 1632 381 1706 disserentes.
410 1632 480 1730 lpsi
506 1647 698 1707 constanter
726 1632 909 1731 loquuntur
933 1633 972 1705 de
1001 1635 1070 1704 rita
1093 1635 1269 1730 religioso,

160 1745 198 1819 de
211 1748 449 1818 consecratione
462 1747 630 1842 religiosa,
643 1746 682 1818 de
699 1747 899 1819 solemnitate
911 1747 1079 1843 religiosa,
1092 1746 1130 1818 de
1143 1749 1273 1820 vincalo

160 1861 339 1959 religioso,
367 1861 406 1933 de
431 1876 507 1933 acta
529 1862 682 1957 religioso
699 1876 775 1946 eta,
792 1887 834 1934 ne
851 1861 987 1960 proprio
1004 1861 1139 1935 nomine
1163 1889 1275 1936 sacra-

161 1992 304 2049 nantum
327 1978 533 2050 matrimonii
555 1976 732 2074 designent
756 1977 1011 2077 appellantque,
1032 1978 1131 2077 quasi
1154 2005 1275 2078 nempe

162 2117 221 2167 eos
240 2092 383 2192 puderet
397 2119 518 2167 vocare
534 2092 798 2179 matrimonium,
814 2109 853 2166 ut
863 2119 941 2166 vere
957 2109 1021 2180 est,
1037 2109 1276 2166 sacramentam

162 2235 264 2286 novae
297 2208 389 2305 lepis.
422 2209 464 2280 llt
489 2224 601 2282 tamen
633 2207 689 2281 isti
723 2223 825 2294 sunt,
854 2209 913 2307 qui
947 2208 1134 2306 gloriantur
1158 2235 1196 2282 se
1220 2235 1275 2280 ca-

164 2323 298 2396 tltolicos
318 2349 416 2410 esse,
436 2324 517 2397 dum
535 2323 588 2398 vel
602 2350 623 2397 a
636 2323 837 2424 proprietate
862 2324 1017 2397 catholici
1044 2322 1211 2398 sermonis
1240 2341 1275 2397 at

163 2465 229 2514 usu
254 2439 461 2513 abhorrenti

661 2680 698 2777 p.
728 2681 771 2751 11.

468 2883 614 2946 Exemplum
629 2882 807 2932 catholicarum
823 2885 960 2933 nationum.

236 3035 327 3107 Nihil
354 3034 539 3107 solemnius
557 3033 591 3104 in
609 3033 754 3106 comitiis
773 3033 964 3132 subalpinis
982 3034 1045 3106 luit
1060 3033 1102 3105 ad
1121 3033 1276 3105 sancien-

164 3154 244 3225 dam
264 3150 372 3248 legem
390 3149 622 3246 coniugiorum
634 3173 725 3221 mere
737 3148 901 3234 civilium,
916 3173 1017 3246 quam
1034 3173 1153 3245 urgere
1169 3173 1277 3219 exem-

165 3267 260 3367 plum
286 3265 509 3362 legislationis
535 3263 677 3361 gallicae
694 3259 734 3336 ac
751 3263 901 3360 belgicae
924 3266 1012 3359 (ot).
1029 3264 1067 3334 ln
1084 3287 1199 3336 earum
1217 3288 1277 3335 na-

164 3382 294 3458 tionum
314 3381 490 3455 codicibus
511 3380 565 3453 lex
583 3380 649 3453 ista
666 3380 795 3452 sancita
816 3397 888 3466 est;
909 3405 1018 3478 neque
1036 3395 1145 3452 tamen
1170 3378 1276 3452 ullum

163 3498 402 3572 detrimentum
428 3497 550 3570 exinde
572 3496 606 3568 in
632 3497 825 3570 societatem
851 3496 1024 3594 provenit3
1053 3521 1115 3569 nec
1147 3498 1276 3570 romani

164 3613 341 3713 pontifices
357 3638 473 3685 vacem
491 3613 654 3685 adversus
680 3638 754 3684 eam
775 3604 964 3683 extulemnt
980 3610 1178 3711 aliquando;
1194 3611 1277 3711 quid

163 3730 268 3828 igitur
291 3743 382 3801 vetat
405 3730 585 3829 quominus
610 3745 643 3801 et
668 3755 730 3802 nos
755 3728 908 3801 eamdem
934 3744 1121 3801 statuamus
1146 3727 1277 3825 legem?

164 3845 337 3945 Numquid
361 3846 501 3917 vetitum
526 3845 591 3917 erit
617 3845 734 3932 nobis,
753 3844 845 3943 quod
863 3843 939 3917 aliis
964 3843 1091 3916 licitum
1109 3841 1198 3916 tuit?
1214 3845 1277 3916 Ec-

165 3987 306 4034 onmam
335 3959 510 4033 inferiores
537 3959 669 4057 magnis
694 3958 766 4032 illis
790 3957 981 4033 nationibus
1014 3958 1162 4045 erimus,
1190 3984 1279 4056 quaa

164 4077 250 4150 adeo
271 4101 471 4176 progressae
496 4091 576 4148 sunt
593 4075 629 4146 in
646 4075 738 4148 amni
764 4073 995 4148 humanitate?
1012 4074 1081 4147 Cur
1096 4073 1279 4173 reprehen-

239 4265 290 4330 (55)
312 4267 354 4316 lta
375 4267 465 4330 passim
494 4267 520 4316 in
539 4265 712 4316 Parlamenta
733 4264 823 4316 sardo.
843 4290 851 4302 ·
868 4267 979 4315 camera
1001 4265 1111 4317 eletttaa
1137 4263 1280 4328 praesentor

167 4361 224 4412 pag.
236 4349 346 4399 oosott.
356 4347 404 4396 etc.
414 4359 459 4397 nec
471 4359 520 4397 non
533 4345 560 4397 in
572 4347 668 4397 senata
679 4345 822 4411 detractio.
835 4357 890 4410 pag.
903 4346 1008 4398 temeto.
