2872 5062
232 335 304 407 sta
418 359 497 409 ‘cra
519 359 543 408 r.
564 358 803 410 sacr.·acrnna.
826 359 865 408 ur
883 359 1016 410 suram.
1037 359 1145 410 crvrm.

310 475 520 575 Quapropter
537 475 759 551 christianum
777 477 1004 551 sacerdotium
1021 485 1097 550 cum
1116 475 1183 550 sibi
1198 480 1350 554 commis-

233 617 308 669 sam
335 590 492 665 habuerit
509 590 677 666 aCbristo
699 607 986 666 sacramentorum
1005 592 1348 681 administrationem,

235 705 335 779 etiam
361 705 397 777 in
422 721 668 783 sacramentum
694 706 921 793 matrimonii,
941 707 1033 805 quod
1050 706 1280 805 inseparabile
1301 724 1354 782 est

236 836 452 907 acontractu
477 820 625 918 legitime
641 821 753 908 inito,
782 848 879 899 suam
912 836 1111 919 potestatem
1144 823 1295 899 exercuit
1312 836 1353 898 'et

235 952 366 1021 exercet
389 937 612 1020 declarando,
632 953 665 1011 et
682 939 864 1021 sanciendo
890 963 1037 1037 quanam
1063 937 1192 1010 ratione
1218 939 1353 1038 possint

237 1051 354 1125 fideles
388 1053 639 1134 matrimonium
663 1054 775 1128 valide
799 1080 839 1127 ac
863 1054 955 1128 licite
981 1053 1090 1140 inire,
1120 1070 1220 1153 atque
1246 1081 1353 1154 appo

239 1166 351 1241 nendo
380 1168 612 1257 conditioneS‚
641 1169 706 1250 sub
739 1169 864 1269 quibus
890 1195 1054 1268 personae
1079 1169 1164 1242 fiant
1188 1169 1350 1255 habiles,

236 1297 295 1357 aut
319 1283 487 1358 inhabiles
513 1285 555 1358 ad
582 1286 859 1360 contrahendum.

233 1474 237 1481 Δ
310 1400 426 1497 Neque
450 1399 610 1472 maiorem
637 1401 792 1498 peritiam
827 1399 1003 1498 theologus
1035 1417 1150 1474 noster
1174 1401 1350 1487 ostendit,

230 1538 315 1586 ‚cum
334 1515 570 1596 auctoritatem
587 1531 683 1612 urget
699 1516 894 1590 catechismi
904 1574 923 1604 ,Α
933 1533 970 1589 ut
985 1517 1116 1590 evincat
1133 1518 1276 1614 gratiam
1295 1544 1354 1591 ac·

230 1629 363 1711 ‚cedere
375 1631 419 1703 ad
437 1631 697 1704 matrimonium
715 1632 782 1704 iam
808 1632 1013 1717 conlectum,
1042 1633 1089 1706 ita
1113 1648 1151 1705 ut
1175 1632 1261 1704 illud
1272 1632 1354 1705 'sine

231 1762 447 1819 sacramento
475 1746 666 1820 consistere
684 1747 823 1834 valeat;
861 1748 1029 1847 siquidem
1055 1749 1129 1848 ipse
1154 1749 1355 1848 permiscuit

232 1863 447 1936 matrimonii
472 1863 701 1938 definitionem
729 1881 827 1964 prout
850 1881 903 1938 est
928 1872 1174 1938 sacramentum
1199 1892 1276 1941 cum
1302 1893 1355 1942 sa·

238 1978 398 2050 crementi
416 1979 597 2079 effectibus.
616 1983 700 2053 Nam
718 1980 913 2054 catechismi
932 1980 965 2052 in
984 1979 1140 2054 adductis
1152 1980 1354 2055 uerbis'non
1415 1978 1419 1989 '

235 2091 401 2190 zpraebent
426 2095 628 2168 sacramenti
654 2094 857 2168 matrimonii
888 2094 1142 2181 definitionem,
1164 2110 1261 2194 'quae
1285 2095 1354 2169 alia

233 2207 377 2281 omnino
402 2208 558 2295 est‚'sed
583 2226 780 2283 enumerant
804 2209 961 2296 allectus,
990 2210 1048 2309 qui
1074 2237 1114 2284 ex
1143 2227 1355 2284 sacramento

233 2325 458 2423 proveniunt,
487 2325 678 2399 cuiusmodi
704 2341 756 2400 est
780 2325 887 2422 gratia
912 2325 1044 2399 ad-rite
1069 2324 1243 2402 obeundas
1270 2324 1356 2399 obli-

238 2441 402 2536 gationes,
423 2466 510 2540 quas
529 2467 643 2514 secum
655 2490 657 2494 >
669 2441 731 2514 lert
756 2441 1007 2514 matrimonium
1024 2445 1112 2537 (81).
1126 2440 1225 2519 Nullo
1243 2457 1353 2514 autem

232 2554 340 2628 medo
365 2554 562 2629 catechismi
588 2556 732 2628 innuunt
757 2556 957 2629 sacramenti
984 2558 1145 2630 rationem
1168 2557 1352 2657 superaddi

232 2669 425 2741 ,contractui
451 2668 568 2756 civili,
596 2670 842 2743 uticontendit
866 2670 1093 2745 adversarius.

236 2814 239 2822 ·
314 2785 396 2858 Eius
423 2784 546 2858 idcirco
573 2784 773 2886 hypothesis
800 2787 843 2858 de
872 2786 1075 2873 revelatore,
1104 2787 1163 2886 qui
1189 2786 1354 2861 divinitus

239 2901 410 3000 promittat
435 2901 576 2998 gratiam
602 2901 662 2988 iis,
681 2903 740 3002 qui
767 2903 833 2974 iam
861 2902 984 2976 fuerint
1002 2902 1164 2999 ¹coniugio
1189 2904 1352 3003 copulati,

240 3043 308 3089 non
333 3017 433 3089 modo
458 3044 525 3090 non
543 3033 595 3090 est
612 3017 755 3116 simplex
773 3018 916 3092 historia
937 3045 998 3091 seu
1020 3019 1162 3107 veritas,
1184 3018 1245 3093 sed
1263 3046 1355 3093 mera

230 3132 363 3219 ‚mentis
390 3133 463 3207 eius
490 3135 664 3221 confictio,
694 3161 781 3234 quae
806 3162 873 3209 non
897 3134 991 3232 aliud
1019 3135 1275 3236 fundamentum
1298 3135 1354 3209 ha-

240 3248 320 3332 bet,
349 3276 450 3348 quam
477 3251 696 3350 anticipatum
724 3250 798 3324 eius
823 3251 986 3324 iudicium
1004 3276 1044 3323 ac
1062 3250 1266 3348 imperitiam
1285 3277 1355 3325 ora·

217 3363 322 3455 >'toris
336 3365 371 3436 in
385 3364 581 3462 theologicis
595 3361 788 3465 disciplinis
803 3364 1095 3464 inordinatamque
1111 3364 1265 3439 idearum
1281 3391 1356 3439 con·

240 3479 418 3553 lusionem.
448 3482 675 3556 Sacerdotium
701 3481 923 3555 christianum
950 3481 1038 3553 nihil
1064 3480 1129 3555 sibi
1156 3482 1352 3582 usurpavit,

241 3595 301 3668 sed
328 3595 477 3668 functum
503 3612 554 3669 est
579 3597 702 3694 iugiter
728 3623 767 3669 ac
793 3596 901 3696 pergit
933 3596 1028 3694 fungi
1058 3621 1198 3667 munere
1233 3621 1296 3668 suo
1322 3596 1353 3666 in

244 3709 448 3784 matrimonii
474 3711 697 3784 celebratione
723 3727 757 3784 et
781 3711 1027 3797 moderatione,
1060 3725 1160 3808 prout
1188 3709 1356 3809 praestitit

128 3906 130 3910 k
231 3851 282 3898 ac
300 3840 450 3924 praestat
475 3827 509 3896 in
528 3841 711 3898 ceterorum
739 3839 1022 3898 sacramentorum
1045 3823 1350 3898 administratione.

230 3943 324 4034 ¹Nam
354 3941 509 4041 quamvis
540 3941 661 4014 horum
699 3940 840 4014 materia
872 3957 909 4014 ut
943 3940 1125 4040 plurimum
1161 3955 1294 4014 constet
1318 3965 1353 4012 ex

229 4055 413 4130 »elementis
439 4056 671 4143 naturalibus,
700 4055 890 4130 cuiusmodi
917 4068 996 4128 sunt
1021 4080 1130 4155 aqua,
1160 4054 1283 4154 panis,
1311 4053 1353 4129 ui-

312 4243 363 4307 (81)
379 4243 406 4292 id
417 4245 484 4306 patet
492 4257 521 4294 ex
533 4243 722 4306 interrogatione
733 4256 798 4306 quac
808 4244 837 4294 iit
845 4243 871 4293 in
881 4243 1045 4295 catechismis.
1058 4264 1069 4286 ιι
1078 4243 1130 4295 cite
1139 4242 1238 4306 effecto
1249 4243 1274 4294 ia
1284 4243 1301 4294 il
1312 4254 1355 4293 ma

239 4322 374 4373 trimonio?
385 4341 398 4366 o
410 4325 439 4373 li.
455 4320 531 4373 Dcite
541 4325 634 4386 proma
643 4324 671 4373 oi
681 4324 817 4386 coniuncti
826 4334 877 4373 ecc.
