2872 5062
170 337 238 405 lll
379 358 438 406 un.
461 357 484 404 ι.
506 355 592 404 seor.
613 355 742 403 inrum.
764 355 803 402 nu
820 353 950 402 usrnru.
972 352 1077 402 otuu.

166 477 384 549 conventione
403 474 507 546 iuncti
533 489 629 559 sunt,
658 472 786 569 absque
811 470 880 544 ullo
905 471 1090 568 religionis,
1111 495 1273 569 quassos

166 590 439 675 sanctificaverit,
468 589 666 660 interventu.

237 704 335 790 Quod
348 706 378 777 si
393 730 460 776 non
483 704 583 802 pauci
601 704 701 775 etiam
722 729 762 776 ex
781 704 837 789 iis,
859 704 917 801 qui
936 728 975 774 ex
992 701 1274 775 christiano'con-

165 821 255 916 iugio
276 833 492 918 procreantur
512 817 556 890 ob
575 818 712 890 insitam
730 845 770 890 en
788 818 958 917 primaeva
975 817 1097 915 eulpa,
1118 844 1186 916 qua
1204 844 1276 890 ma-

164 935 264 1008 culati
290 949 492 1019 naseuntur,
514 948 653 1005 naturae
673 933 906 1019 iniectionem,
930 932 973 1004 ab
990 932 1101 1005 officio
1121 958 1202 1028 erga
1219 958 1276 1030 pa-

164 1066 274 1123 rentes
299 1048 411 1122 debito
436 1047 647 1134 desciscunt;
670 1049 700 1120 si
718 1048 764 1147 pii
785 1048 987 1146 quandoque
1012 1047 1079 1145 ipsi
1105 1047 1275 1144 genitores

165 1165 208 1237 de
233 1163 476 1250 inobedientia,
501 1163 682 1264 protervia,
708 1189 748 1236 ao
772 1163 860 1235 mala
886 1163 1031 1235 filiorum
1056 1161 1170 1234 indole
1195 1189 1276 1236 con·

164 1294 373 1376 queruntur;
404 1280 433 1351 si
460 1306 526 1352 non
556 1276 766 1351 obstantibus
792 1277 971 1376 praesidiis
996 1275 1153 1349 omnibus
1180 1277 1276 1349 auxi·

163 1393 306 1491 liisque,
332 1419 418 1491 quae
444 1421 464 1466 a
492 1394 654 1490 religione
679 1392 902 1493 proveniunt,
931 1391 1027 1462 liberi
1054 1416 1171 1490 parum
1198 1419 1275 1491 pro-

165 1506 304 1592 liciunt,
335 1531 375 1578 ac
396 1533 497 1606 saepe
522 1533 598 1580 cum
624 1506 820 1579 adolescunt
836 1506 966 1605 peiores
984 1505 1084 1592 fiunt;
1105 1505 1188 1603 quid
1207 1506 1274 1578 iam

164 1621 494 1719 erit'expectandum
521 1621 665 1708 aliliiS,
694 1621 752 1719 qui
779 1637 901 1694 norunt
931 1647 967 1694 se
997 1636 1093 1694 natos
1124 1646 1201 1694 esse
1233 1646 1274 1694 ex

163 1737 343 1810 fornicaria
368 1736 630 1824 consuetudine,
653 1762 754 1808 seua
778 1735 993 1835 parentibus,
1021 1735 1081 1834 qui
1106 1735 1198 1811 nullo
1223 1763 1275 1809 re·

162 1850 299 1948 ligionis
326 1878 429 1925 sensu
449 1852 659 1937 alliciuntur,
680 1852 748 1924 imo
774 1876 911 1923 sensum
936 1849 1087 1946 religioni
1105 1850 1172 1949 ipsi
1194 1877 1274 1924 con-

162 1967 299 2039 trarium
326 1965 586 2066 praeseferunt?
611 1967 784 2053 Prolecto,
820 1965 877 2064 qui
912 1965 1078 2039 eiusmodi
1108 1965 1273 2061 originem

164 2096 358 2169 traxerunt,
372 2109 427 2156 ac
453 2079 536 2155 tales
562 2081 650 2155 nacti
676 2096 755 2154 sunt
778 2081 945 2179 genitores
969 2105 1031 2154 nec
1055 2105 1095 2153 ea
1116 2094 1188 2180 qua
1213 2108 1273 2180 par

161 2213 251 2270 esset
275 2196 453 2270 dilectione
479 2211 753 2295 prosequentur,
791 2219 899 2294 neque
916 2194 967 2268 iis
993 2195 1124 2268 sincero
1150 2195 1272 2271 affectu

161 2310 399 2410 obsequentur.

187 2426 431 2500 Addendum
458 2427 549 2525 quod
575 2443 749 2525 parentes,
778 2426 896 2525 quales
923 2427 1015 2498 iuxta
1033 2425 1081 2497 rei
1099 2426 1271 2499 veritatem

159 2541 216 2615 hic
240 2542 503 2645 descripsimus,
530 2543 656 2615 nullam
673 2559 732 2616 aut
748 2569 833 2642 pene
857 2542 983 2617 nullam
1007 2541 1137 2615 soleant
1157 2568 1272 2615 curam

159 2682 275 2752 gerere
294 2659 371 2754 piae
397 2657 639 2744 institutionis,
661 2657 818 2758 filiosque
834 2668 1055 2732 consuescant
1080 2656 1269 2754 negligere,

160 2787 193 2843 et
214 2771 306 2845 nullo
319 2793 389 2845 deos
412 2772 483 2845 sive
507 2772 609 2847 verbo
634 2774 711 2847 'sive
730 2774 883 2874 exemplo
906 2773 1052 2848 excitare
1077 2772 1120 2844 ed
1148 2786 1271 2846 rectam

158 2886 247 2959 vitae
267 2887 433 2962 rationem,
454 2887 635 2962 efficaciter
652 2889 794 2988 possint.
811 2891 945 2990 quuos
963 2886 1214 2985 condiscipulos
1232 2912 1270 2960 ao

158 3001 292 3076 sodales
302 3002 471 3077 eiusmodi
489 3004 656 3099 genitores
669 3004 750 3078 liliis
764 3004 972 3104 praebebunt
989 3003 1074 3089 suis,
1095 3002 1163 3074 nis'i
1181 3003 1271 3076 eius·

158 3116 234 3190 dem
244 3118 476 3192 conditionis
464 3145 502 3190 m
520 3119 646 3192 malum
667 3120 832 3218 proclives
846 3147 886 3193 ac
898 3119 989 3192 vitiis
1006 3116 1174 3193 irretitos?
1186 3117 1269 3190 Cum

158 3246 268 3304 autem
292 3233 373 3307 mali
394 3260 471 3306 oum
488 3235 587 3308 malis
610 3235 855 3322 consociantur,
879 3234 1047 3368 pessimi
1036 3259 1154 3307 omnes
1125 3232 1269 3366 brevi

158 3345 307 3418 fient.

230 3463 334 3565 Porro·
357 3464 453 3536 lilii
445 3492 480 3537 ιιι
507 3480 734 3540 transversum
760 3469 844 3554 acti,
875 3469 910 3540 in
935 3467 1016 3543 vitia
1041 3465 1165 3553 effusi,
1191 3464 1270 3538 libi·

156 3575 246 3651 dinis
264 3565 466 3676 mancipia,
476 3580 627 3678 maligni
647 3581 775 3656 fructus
793 3608 834 3656 ex
856 3581 954 3654 mala
967 3580 1085 3654 arbore
1104 3580 1270 3678 prodeun-

157 3704 228 3777 tes,
265 3705 406 3764 mantne
437 3694 500 3767 rite
530 3695 704 3795 dispositi,
734 3713 769 3769 et
792 3724 832 3771 eo
857 3697 968 3770 animo
994 3695 1206 3794 comparati,
1232 3711 1271 3768 ut

157 3792 316 3887 honorem
338 3807 489 3882 delerant
509 3811 703 3910 parentibus
718 3813 790 3885 suis
800 3812 936 3911 ,iisque
948 3811 1096 3884 debitam
1109 3809 1268 3883 obedieu-

156 3920 244 3993 tiam
261 3922 459 4051 praebeant,
489 3950 530 3997 ac
555 3942 730 4024 paternam
765 3928 1007 4001 auctoritatem
1025 3924 1268 3999 revereantur?

156 4035 237 4113 Puto
264 4039 450 4124 neminem,
481 4040 537 4112 oui
561 4057 731 4139 comperta
758 4042 815 4114 sit
813 4040 1013 4120 eommunis
1040 4041 1199 4114 iuvenum
1228 4064 1268 4112 ae

156 4147 415 4236 adolescentium
439 4152 560 4248 agendi
589 4154 684 4242 ratio,
710 4154 743 4229 id
776 4154 841 4228 sibi
872 4153 1095 4253 persuadete
1120 4153 1266 4253 aliisquo

156 4264 320 4351 suadere
305 4293 464 4364 posse
533 4316 560 4347 ι.
653 4324 656 4331 .
735 4316 739 4323 -
