<?xml version="1.0" encoding="UTF-8"?>
<!DOCTYPE html PUBLIC "-//W3C//DTD XHTML 1.0 Transitional//EN"
    "http://www.w3.org/TR/xhtml1/DTD/xhtml1-transitional.dtd">
<html xmlns="http://www.w3.org/1999/xhtml" xml:lang="en" lang="en">
 <head>
  <title>
</title>
<meta http-equiv="Content-Type" content="text/html;charset=utf-8" />
  <meta name='ocr-system' content='tesseract 3.04.00' />
  <meta name='ocr-capabilities' content='ocr_page ocr_carea ocr_par ocr_line ocrx_word'/>
</head>
<body>
  <div class='ocr_page' id='page_1' title='image "./dematrimoniochr00perrgoog_0180.png"; bbox 0 0 2872 5062; ppageno 0'>
   <div class='ocr_carea' id='block_1_1' title="bbox 272 341 1275 423">
    <p class='ocr_par' dir='ltr' id='par_1_1' title="bbox 272 341 1275 423">
     <span class='ocr_line' id='line_1_1' title="bbox 272 341 1275 423; baseline 0.008 -16"><span class='ocrx_word' id='word_1_1' title='bbox 272 357 340 407; x_wconf 79' lang='lat' dir='ltr'><strong>car.</strong></span> <span class='ocrx_word' id='word_1_2' title='bbox 357 357 391 411; x_wconf 70' lang='lat' dir='ltr'><strong>v,</strong></span> <span class='ocrx_word' id='word_1_3' title='bbox 406 357 447 417; x_wconf 77' lang='lat' dir='ltr'><strong>un</strong></span> <span class='ocrx_word' id='word_1_4' title='bbox 465 356 583 411; x_wconf 76' lang='lat' dir='ltr'><strong>nrursr.</strong></span> <span class='ocrx_word' id='word_1_5' title='bbox 600 355 755 418; x_wconf 78' lang='lat' dir='ltr'><strong>corruis.</strong></span> <span class='ocrx_word' id='word_1_6' title='bbox 772 356 843 407; x_wconf 72' lang='lat' dir='ltr'><strong>aur.</strong></span> <span class='ocrx_word' id='word_1_7' title='bbox 860 355 909 421; x_wconf 84' lang='lat' dir='ltr'><strong>ru.</strong></span> <span class='ocrx_word' id='word_1_8' title='bbox 920 358 993 423; x_wconf 75' lang='lat' dir='ltr'><strong>sno.</strong></span> <span class='ocrx_word' id='word_1_9' title='bbox 1015 359 1128 411; x_wconf 82' lang='lat' dir='ltr'><strong>rsron.</strong></span> <span class='ocrx_word' id='word_1_10' title='bbox 1207 341 1275 415; x_wconf 79' lang='lat' dir='ltr'><strong>ttt</strong></span> 
     </span>
    </p>
   </div>
   <div class='ocr_carea' id='block_1_2' title="bbox 155 473 1278 3686">
    <p class='ocr_par' dir='ltr' id='par_1_2' title="bbox 155 473 1278 3686">
     <span class='ocr_line' id='line_1_2' title="bbox 165 473 1277 565; baseline 0.006 -18"><span class='ocrx_word' id='word_1_11' title='bbox 165 499 275 549; x_wconf 89' lang='lat' dir='ltr'><strong>meros</strong></span> <span class='ocrx_word' id='word_1_12' title='bbox 296 489 507 562; x_wconf 84' lang='lat' dir='ltr'><strong>contractus,</strong></span> <span class='ocrx_word' id='word_1_13' title='bbox 528 475 600 549; x_wconf 85' lang='lat' dir='ltr'><strong>sive</strong></span> <span class='ocrx_word' id='word_1_14' title='bbox 620 473 806 562; x_wconf 82' lang='lat' dir='ltr'><strong>naturales,</strong></span> <span class='ocrx_word' id='word_1_15' title='bbox 827 475 901 554; x_wconf 86' lang='lat' dir='ltr'><strong>sire</strong></span> <span class='ocrx_word' id='word_1_16' title='bbox 916 476 1052 565; x_wconf 82' lang='lat' dir='ltr'><strong>civiles,</strong></span> <span class='ocrx_word' id='word_1_17' title='bbox 1073 493 1111 550; x_wconf 86' lang='lat' dir='ltr'><strong>ut</strong></span> <span class='ocrx_word' id='word_1_18' title='bbox 1127 479 1277 554; x_wconf 80' lang='lat' dir='ltr'><strong>nonnulli</strong></span> 
     </span>
     <span class='ocr_line' id='line_1_3' title="bbox 164 589 1276 688; baseline 0.004 -21"><span class='ocrx_word' id='word_1_19' title='bbox 164 589 367 667; x_wconf 84' lang='lat' dir='ltr'><strong>recentiores</strong></span> <span class='ocrx_word' id='word_1_20' title='bbox 391 589 540 688; x_wconf 85' lang='lat' dir='ltr'><strong>theologi·</strong></span> <span class='ocrx_word' id='word_1_21' title='bbox 555 590 599 663; x_wconf 90' lang='lat' dir='ltr'><strong>ad</strong></span> <span class='ocrx_word' id='word_1_22' title='bbox 616 591 724 664; x_wconf 89' lang='lat' dir='ltr'><strong>huius</strong></span> <span class='ocrx_word' id='word_1_23' title='bbox 739 592 931 687; x_wconf 82' lang='lat' dir='ltr'><strong>argumenti.</strong></span> <span class='ocrx_word' id='word_1_24' title='bbox 947 592 1015 667; x_wconf 85' lang='lat' dir='ltr'><strong>vim</strong></span> <span class='ocrx_word' id='word_1_25' title='bbox 1041 592 1276 671; x_wconf 87' lang='lat' dir='ltr'><strong>declinandam</strong></span> 
     </span>
     <span class='ocr_line' id='line_1_4' title="bbox 162 705 1272 806; baseline 0.006 -27"><span class='ocrx_word' id='word_1_26' title='bbox 162 705 316 806; x_wconf 78' lang='lat' dir='ltr'><strong>excipere</strong></span> <span class='ocrx_word' id='word_1_27' title='bbox 325 721 581 780; x_wconf 83' lang='lat' dir='ltr'><strong>consueverunt.</strong></span> <span class='ocrx_word' id='word_1_28' title='bbox 592 706 733 806; x_wconf 86' lang='lat' dir='ltr'><strong>Insuper</strong></span> <span class='ocrx_word' id='word_1_29' title='bbox 746 705 832 779; x_wconf 93' lang='lat' dir='ltr'><strong>inter</strong></span> <span class='ocrx_word' id='word_1_30' title='bbox 845 722 987 806; x_wconf 90' lang='lat' dir='ltr'><strong>quatuor</strong></span> <span class='ocrx_word' id='word_1_31' title='bbox 999 709 1272 801; x_wconf 83' lang='lat' dir='ltr'><strong>recensitamala,</strong></span> 
     </span>
     <span class='ocr_line' id='line_1_5' title="bbox 163 820 1276 921; baseline 0.004 -28"><span class='ocrx_word' id='word_1_32' title='bbox 163 847 253 920; x_wconf 89' lang='lat' dir='ltr'><strong>quae</strong></span> <span class='ocrx_word' id='word_1_33' title='bbox 283 820 471 903; x_wconf 78' lang='lat' dir='ltr'><strong>numeravit</strong></span> <span class='ocrx_word' id='word_1_34' title='bbox 492 821 733 918; x_wconf 72' lang='lat' dir='ltr'><strong>‘lotharingius</strong></span> <span class='ocrx_word' id='word_1_35' title='bbox 763 822 963 921; x_wconf 86' lang='lat' dir='ltr'><strong>profluentia</strong></span> <span class='ocrx_word' id='word_1_36' title='bbox 992 849 1032 897; x_wconf 86' lang='lat' dir='ltr'><strong>ex</strong></span> <span class='ocrx_word' id='word_1_37' title='bbox 1056 824 1276 916; x_wconf 80' lang='lat' dir='ltr'><strong>clandestinis</strong></span> 
     </span>
     <span class='ocr_line' id='line_1_6' title="bbox 164 936 1277 1036; baseline 0.004 -25"><span class='ocrx_word' id='word_1_38' title='bbox 164 936 330 1034; x_wconf 85' lang='lat' dir='ltr'><strong>coniugiis</strong></span> <span class='ocrx_word' id='word_1_39' title='bbox 348 952 399 1010; x_wconf 91' lang='lat' dir='ltr'><strong>est</strong></span> <span class='ocrx_word' id='word_1_40' title='bbox 414 939 546 1011; x_wconf 77' lang='lat' dir='ltr'><strong>omissio</strong></span> <span class='ocrx_word' id='word_1_41' title='bbox 562 939 690 1036; x_wconf 75' lang='lat' dir='ltr'><strong>protiue</strong></span> <span class='ocrx_word' id='word_1_42' title='bbox 705 940 903 1013; x_wconf 76' lang='lat' dir='ltr'><strong>sacramenti</strong></span> <span class='ocrx_word' id='word_1_43' title='bbox 918 941 1007 1034; x_wconf 80' lang='lat'>(39).</span> <span class='ocrx_word' id='word_1_44' title='bbox 1023 941 1165 1013; x_wconf 86' lang='lat' dir='ltr'><strong>Domum</strong></span> <span class='ocrx_word' id='word_1_45' title='bbox 1186 940 1277 1027; x_wconf 87' lang='lat' dir='ltr'><strong>idem</strong></span> 
     </span>
     <span class='ocr_line' id='line_1_7' title="bbox 162 1051 1277 1154; baseline 0.005 -29"><span class='ocrx_word' id='word_1_46' title='bbox 162 1051 346 1129; x_wconf 82' lang='lat' dir='ltr'><strong>cardinalis</strong></span> <span class='ocrx_word' id='word_1_47' title='bbox 377 1051 532 1150; x_wconf 81' lang='lat' dir='ltr'><strong>patefecit</strong></span> <span class='ocrx_word' id='word_1_48' title='bbox 557 1067 672 1153; x_wconf 90' lang='lat' dir='ltr'><strong>optare</strong></span> <span class='ocrx_word' id='word_1_49' title='bbox 700 1078 759 1138; x_wconf 87' lang='lat' dir='ltr'><strong>se,</strong></span> <span class='ocrx_word' id='word_1_50' title='bbox 786 1069 825 1127; x_wconf 85' lang='lat' dir='ltr'><strong>ut</strong></span> <span class='ocrx_word' id='word_1_51' title='bbox 849 1053 884 1125; x_wconf 93' lang='lat' dir='ltr'><strong>in</strong></span> <span class='ocrx_word' id='word_1_52' title='bbox 908 1052 1042 1129; x_wconf 83' lang='lat' dir='ltr'><strong>decreto</strong></span> <span class='ocrx_word' id='word_1_53' title='bbox 1067 1069 1198 1154; x_wconf 86' lang='lat' dir='ltr'><strong>praeter</strong></span> <span class='ocrx_word' id='word_1_54' title='bbox 1222 1080 1277 1141; x_wconf 85' lang='lat' dir='ltr'><strong>so·</strong></span> 
     </span>
     <span class='ocr_line' id='line_1_8' title="bbox 162 1165 1277 1270; baseline 0.001 -25"><span class='ocrx_word' id='word_1_55' title='bbox 162 1165 291 1245; x_wconf 80' lang='lat' dir='ltr'><strong>lemnes</strong></span> <span class='ocrx_word' id='word_1_56' title='bbox 318 1167 402 1247; x_wconf 83' lang='lat' dir='ltr'><strong>alios</strong></span> <span class='ocrx_word' id='word_1_57' title='bbox 428 1169 512 1242; x_wconf 90' lang='lat' dir='ltr'><strong>ritus</strong></span> <span class='ocrx_word' id='word_1_58' title='bbox 537 1168 763 1270; x_wconf 80' lang='lat' dir='ltr'><strong>requireretur</strong></span> <span class='ocrx_word' id='word_1_59' title='bbox 787 1168 830 1242; x_wconf 90' lang='lat' dir='ltr'><strong>ad</strong></span> <span class='ocrx_word' id='word_1_60' title='bbox 856 1170 1056 1245; x_wconf 86' lang='lat' dir='ltr'><strong>sacramenti</strong></span> <span class='ocrx_word' id='word_1_61' title='bbox 1082 1169 1150 1244; x_wconf 85' lang='lat' dir='ltr'><strong>rim</strong></span> <span class='ocrx_word' id='word_1_62' title='bbox 1177 1170 1277 1247; x_wconf 88' lang='lat' dir='ltr'><strong>etiam</strong></span> 
     </span>
     <span class='ocr_line' id='line_1_9' title="bbox 162 1283 1278 1382; baseline 0.003 -25"><span class='ocrx_word' id='word_1_63' title='bbox 162 1283 349 1359; x_wconf 76' lang='lat' dir='ltr'><strong>sacerdotis</strong></span> <span class='ocrx_word' id='word_1_64' title='bbox 373 1283 563 1362; x_wconf 86' lang='lat' dir='ltr'><strong>benedictio</strong></span> <span class='ocrx_word' id='word_1_65' title='bbox 585 1286 674 1381; x_wconf 76' lang='lat'>(40).</span> <span class='ocrx_word' id='word_1_66' title='bbox 691 1285 778 1382; x_wconf 77' lang='lat' dir='ltr'><strong>Ergo</strong></span> <span class='ocrx_word' id='word_1_67' title='bbox 796 1284 958 1361; x_wconf 86' lang='lat' dir='ltr'><strong>hactenus</strong></span> <span class='ocrx_word' id='word_1_68' title='bbox 978 1284 1150 1363; x_wconf 88' lang='lat' dir='ltr'><strong>eiusmodi.</strong></span> <span class='ocrx_word' id='word_1_69' title='bbox 1174 1285 1278 1363; x_wconf 87' lang='lat' dir='ltr'><strong>bene·</strong></span> 
     </span>
     <span class='ocr_line' id='line_1_10' title="bbox 162 1395 1276 1493; baseline 0.008 -24"><span class='ocrx_word' id='word_1_70' title='bbox 162 1395 265 1475; x_wconf 89' lang='lat' dir='ltr'><strong>dictio</strong></span> <span class='ocrx_word' id='word_1_71' title='bbox 293 1398 338 1471; x_wconf 87' lang='lat' dir='ltr'><strong>ed</strong></span> <span class='ocrx_word' id='word_1_72' title='bbox 365 1398 445 1473; x_wconf 81' lang='lat' dir='ltr'><strong>rim..</strong></span> <span class='ocrx_word' id='word_1_73' title='bbox 469 1399 667 1485; x_wconf 80' lang='lat' dir='ltr'><strong>sacramenti</strong></span> <span class='ocrx_word' id='word_1_74' title='bbox 682 1420 684 1426; x_wconf 86' lang='lat'>·</span> <span class='ocrx_word' id='word_1_75' title='bbox 699 1398 839 1473; x_wconf 85' lang='lat' dir='ltr'><strong>minime</strong></span> <span class='ocrx_word' id='word_1_76' title='bbox 869 1399 1059 1487; x_wconf 84' lang='lat' dir='ltr'><strong>necessaria</strong></span> <span class='ocrx_word' id='word_1_77' title='bbox 1087 1399 1276 1493; x_wconf 75' lang='lat' dir='ltr'><strong>cristimeta</strong></span> 
     </span>
     <span class='ocr_line' id='line_1_11' title="bbox 161 1511 536 1597; baseline -0.007 -6"><span class='ocrx_word' id='word_1_78' title='bbox 161 1511 536 1597; x_wconf 28' lang='lat' dir='ltr'><strong>tuerat.·,.&lt;</strong></span> 
     </span>
     <span class='ocr_line' id='line_1_12' title="bbox 233 1627 1275 1730; baseline 0.006 -31"><span class='ocrx_word' id='word_1_79' title='bbox 233 1627 378 1703; x_wconf 88' lang='lat' dir='ltr'><strong>loannes</strong></span> <span class='ocrx_word' id='word_1_80' title='bbox 387 1628 580 1713; x_wconf 81' lang='lat' dir='ltr'><strong>Tririsanus</strong></span> <span class='ocrx_word' id='word_1_81' title='bbox 588 1629 794 1707; x_wconf 86' lang='lat' dir='ltr'><strong>venetiarum</strong></span> <span class='ocrx_word' id='word_1_82' title='bbox 807 1628 1223 1730; x_wconf 82' lang='lat' dir='ltr'><strong>patriarchasesedecreto</strong></span> <span class='ocrx_word' id='word_1_83' title='bbox 1232 1630 1275 1705; x_wconf 90' lang='lat' dir='ltr'><strong>de</strong></span> 
     </span>
     <span class='ocr_line' id='line_1_13' title="bbox 161 1740 1275 1844; baseline 0.004 -31"><span class='ocrx_word' id='word_1_84' title='bbox 161 1740 346 1818; x_wconf 86' lang='lat' dir='ltr'><strong>irritatione</strong></span> <span class='ocrx_word' id='word_1_85' title='bbox 362 1743 593 1842; x_wconf 81' lang='lat' dir='ltr'><strong>coniugiorum</strong></span> <span class='ocrx_word' id='word_1_86' title='bbox 606 1743 890 1819; x_wconf 77' lang='lat' dir='ltr'><strong>clandestinorum</strong></span> <span class='ocrx_word' id='word_1_87' title='bbox 902 1744 1081 1844; x_wconf 89' lang='lat' dir='ltr'><strong>opposuit,</strong></span> <span class='ocrx_word' id='word_1_88' title='bbox 1098 1760 1190 1840; x_wconf 85' lang='lat' dir='ltr'><strong>ratus</strong></span> <span class='ocrx_word' id='word_1_89' title='bbox 1204 1744 1275 1818; x_wconf 91' lang='lat' dir='ltr'><strong>irri-</strong></span> 
     </span>
     <span class='ocr_line' id='line_1_14' title="bbox 161 1856 1276 1959; baseline 0.005 -32"><span class='ocrx_word' id='word_1_90' title='bbox 161 1869 230 1937; x_wconf 83' lang='lat' dir='ltr'><strong>tum</strong></span> <span class='ocrx_word' id='word_1_91' title='bbox 244 1856 341 1942; x_wconf 80' lang='lat' dir='ltr'><strong>reddi</strong></span> <span class='ocrx_word' id='word_1_92' title='bbox 352 1857 445 1932; x_wconf 89' lang='lat' dir='ltr'><strong>baud</strong></span> <span class='ocrx_word' id='word_1_93' title='bbox 458 1884 558 1959; x_wconf 87' lang='lat' dir='ltr'><strong>posse</strong></span> <span class='ocrx_word' id='word_1_94' title='bbox 570 1860 747 1957; x_wconf 84' lang='lat' dir='ltr'><strong>quemdum</strong></span> <span class='ocrx_word' id='word_1_95' title='bbox 757 1861 956 1933; x_wconf 81' lang='lat' dir='ltr'><strong>sacrementi</strong></span> <span class='ocrx_word' id='word_1_96' title='bbox 967 1862 1140 1945; x_wconf 77' lang='lat' dir='ltr'><strong>rationem,</strong></span> <span class='ocrx_word' id='word_1_97' title='bbox 1158 1860 1195 1931; x_wconf 89' lang='lat' dir='ltr'><strong>in</strong></span> <span class='ocrx_word' id='word_1_98' title='bbox 1208 1886 1276 1959; x_wconf 88' lang='lat' dir='ltr'><strong>qua</strong></span> 
     </span>
     <span class='ocr_line' id='line_1_15' title="bbox 162 1972 1274 2073; baseline 0.004 -29"><span class='ocrx_word' id='word_1_99' title='bbox 162 1984 230 2045; x_wconf 83' lang='lat' dir='ltr'><strong>tota</strong></span> <span class='ocrx_word' id='word_1_100' title='bbox 252 1972 334 2046; x_wconf 90' lang='lat' dir='ltr'><strong>insit</strong></span> <span class='ocrx_word' id='word_1_101' title='bbox 359 1974 468 2073; x_wconf 91' lang='lat' dir='ltr'><strong>ipsius</strong></span> <span class='ocrx_word' id='word_1_102' title='bbox 494 1990 630 2062; x_wconf 89' lang='lat' dir='ltr'><strong>natura,</strong></span> <span class='ocrx_word' id='word_1_103' title='bbox 652 1976 783 2048; x_wconf 86' lang='lat' dir='ltr'><strong>tametsi</strong></span> <span class='ocrx_word' id='word_1_104' title='bbox 801 1975 885 2048; x_wconf 91' lang='lat' dir='ltr'><strong>ritus</strong></span> <span class='ocrx_word' id='word_1_105' title='bbox 903 1974 1007 2047; x_wconf 90' lang='lat' dir='ltr'><strong>debiti</strong></span> <span class='ocrx_word' id='word_1_106' title='bbox 1026 1975 1153 2072; x_wconf 76' lang='lat' dir='ltr'><strong>desiut3</strong></span> <span class='ocrx_word' id='word_1_107' title='bbox 1174 1975 1274 2067; x_wconf 87' lang='lat' dir='ltr'><strong>sicuti</strong></span> 
     </span>
     <span class='ocr_line' id='line_1_16' title="bbox 163 2089 1271 2187; baseline 0 -24"><span class='ocrx_word' id='word_1_108' title='bbox 163 2111 215 2163; x_wconf 77' lang='lat' dir='ltr'><strong>ax.</strong></span> <span class='ocrx_word' id='word_1_109' title='bbox 234 2113 288 2184; x_wconf 79' lang='lat' dir='ltr'><strong>gr.</strong></span> <span class='ocrx_word' id='word_1_110' title='bbox 309 2089 464 2187; x_wconf 84' lang='lat' dir='ltr'><strong>quamvis</strong></span> <span class='ocrx_word' id='word_1_111' title='bbox 487 2089 644 2164; x_wconf 86' lang='lat' dir='ltr'><strong>sacerdos</strong></span> <span class='ocrx_word' id='word_1_112' title='bbox 670 2104 842 2163; x_wconf 83' lang='lat' dir='ltr'><strong>consecret</strong></span> <span class='ocrx_word' id='word_1_113' title='bbox 867 2089 995 2187; x_wconf 87' lang='lat' dir='ltr'><strong>absque</strong></span> <span class='ocrx_word' id='word_1_114' title='bbox 1019 2104 1138 2165; x_wconf 87' lang='lat' dir='ltr'><strong>ornatu</strong></span> <span class='ocrx_word' id='word_1_115' title='bbox 1162 2115 1271 2178; x_wconf 88' lang='lat' dir='ltr'><strong>sacro,</strong></span> 
     </span>
     <span class='ocr_line' id='line_1_17' title="bbox 160 2204 1274 2292; baseline 0.004 -20"><span class='ocrx_word' id='word_1_116' title='bbox 160 2222 277 2276; x_wconf 85' lang='lat' dir='ltr'><strong>verum</strong></span> <span class='ocrx_word' id='word_1_117' title='bbox 307 2219 551 2279; x_wconf 83' lang='lat' dir='ltr'><strong>sacramentum</strong></span> <span class='ocrx_word' id='word_1_118' title='bbox 586 2205 741 2292; x_wconf 75' lang='lat' dir='ltr'><strong>conficit,</strong></span> <span class='ocrx_word' id='word_1_119' title='bbox 775 2204 957 2281; x_wconf 91' lang='lat' dir='ltr'><strong>dummodo</strong></span> <span class='ocrx_word' id='word_1_120' title='bbox 987 2205 1162 2281; x_wconf 88' lang='lat' dir='ltr'><strong>materiam</strong></span> <span class='ocrx_word' id='word_1_121' title='bbox 1197 2230 1274 2277; x_wconf 92' lang='lat' dir='ltr'><strong>cum</strong></span> 
     </span>
     <span class='ocr_line' id='line_1_18' title="bbox 160 2314 1275 2418; baseline 0.004 -27"><span class='ocrx_word' id='word_1_122' title='bbox 160 2314 267 2399; x_wconf 67' lang='lat' dir='ltr'><strong>forma</strong></span> <span class='ocrx_word' id='word_1_123' title='bbox 279 2317 472 2416; x_wconf 84' lang='lat' dir='ltr'><strong>coniungat.</strong></span> <span class='ocrx_word' id='word_1_124' title='bbox 486 2319 569 2391; x_wconf 86' lang='lat' dir='ltr'><strong>Cum</strong></span> <span class='ocrx_word' id='word_1_125' title='bbox 582 2319 704 2416; x_wconf 80' lang='lat' dir='ltr'><strong>igitur,</strong></span> <span class='ocrx_word' id='word_1_126' title='bbox 719 2319 769 2391; x_wconf 90' lang='lat' dir='ltr'><strong>ita</strong></span> <span class='ocrx_word' id='word_1_127' title='bbox 781 2318 855 2418; x_wconf 91' lang='lat' dir='ltr'><strong>ipse</strong></span> <span class='ocrx_word' id='word_1_128' title='bbox 869 2316 1146 2417; x_wconf 86' lang='lat' dir='ltr'><strong>prosequebatur,</strong></span> <span class='ocrx_word' id='word_1_129' title='bbox 1157 2332 1275 2415; x_wconf 75' lang='lat' dir='ltr'><strong>nutura</strong></span> 
     </span>
     <span class='ocr_line' id='line_1_19' title="bbox 160 2431 1271 2523; baseline 0.004 -18"><span class='ocrx_word' id='word_1_130' title='bbox 160 2431 365 2511; x_wconf 88' lang='lat' dir='ltr'><strong>matrimonii</strong></span> <span class='ocrx_word' id='word_1_131' title='bbox 390 2435 465 2521; x_wconf 46' lang='lat' dir='ltr'><strong>sita,</strong></span> <span class='ocrx_word' id='word_1_132' title='bbox 478 2435 524 2509; x_wconf 89' lang='lat' dir='ltr'><strong>sit</strong></span> <span class='ocrx_word' id='word_1_133' title='bbox 543 2435 578 2508; x_wconf 92' lang='lat' dir='ltr'><strong>in</strong></span> <span class='ocrx_word' id='word_1_134' title='bbox 598 2451 714 2523; x_wconf 88' lang='lat' dir='ltr'><strong>mutuo</strong></span> <span class='ocrx_word' id='word_1_135' title='bbox 740 2460 909 2508; x_wconf 88' lang='lat' dir='ltr'><strong>consensu</strong></span> <span class='ocrx_word' id='word_1_136' title='bbox 927 2432 1085 2507; x_wconf 90' lang='lat' dir='ltr'><strong>sensibus</strong></span> <span class='ocrx_word' id='word_1_137' title='bbox 1103 2432 1271 2523; x_wconf 87' lang='lat' dir='ltr'><strong>subiecto,</strong></span> 
     </span>
     <span class='ocr_line' id='line_1_20' title="bbox 160 2545 1273 2652; baseline 0.003 -32"><span class='ocrx_word' id='word_1_138' title='bbox 160 2545 567 2650; x_wconf 77' lang='lat' dir='ltr'><strong>solnmqne‘postulentur</strong></span> <span class='ocrx_word' id='word_1_139' title='bbox 586 2550 707 2652; x_wconf 90' lang='lat' dir='ltr'><strong>reliqui</strong></span> <span class='ocrx_word' id='word_1_140' title='bbox 728 2551 811 2628; x_wconf 87' lang='lat' dir='ltr'><strong>ritus</strong></span> <span class='ocrx_word' id='word_1_141' title='bbox 834 2548 954 2625; x_wconf 82' lang='lat' dir='ltr'><strong>autad</strong></span> <span class='ocrx_word' id='word_1_142' title='bbox 976 2548 1137 2635; x_wconf 83' lang='lat' dir='ltr'><strong>decorum,</strong></span> <span class='ocrx_word' id='word_1_143' title='bbox 1157 2550 1273 2633; x_wconf 85' lang='lat' dir='ltr'><strong>autad</strong></span> 
     </span>
     <span class='ocr_line' id='line_1_21' title="bbox 155 2662 1273 2762; baseline 0.004 -28"><span class='ocrx_word' id='word_1_144' title='bbox 155 2662 397 2758; x_wconf 69' lang='lat' dir='ltr'><strong>probaticam,</strong></span> <span class='ocrx_word' id='word_1_145' title='bbox 423 2665 466 2739; x_wconf 89' lang='lat' dir='ltr'><strong>ab</strong></span> <span class='ocrx_word' id='word_1_146' title='bbox 485 2692 601 2741; x_wconf 92' lang='lat' dir='ltr'><strong>eorum</strong></span> <span class='ocrx_word' id='word_1_147' title='bbox 618 2667 791 2742; x_wconf 87' lang='lat' dir='ltr'><strong>vacuitate·</strong></span> <span class='ocrx_word' id='word_1_148' title='bbox 804 2665 953 2762; x_wconf 77' lang='lat' dir='ltr'><strong>coniugii</strong></span> <span class='ocrx_word' id='word_1_149' title='bbox 973 2665 1042 2758; x_wconf 87' lang='lat' dir='ltr'><strong>vim</strong></span> <span class='ocrx_word' id='word_1_150' title='bbox 1064 2664 1189 2743; x_wconf 88' lang='lat' dir='ltr'><strong>auferri</strong></span> <span class='ocrx_word' id='word_1_151' title='bbox 1206 2691 1273 2745; x_wconf 81' lang='lat' dir='ltr'><strong>uon</strong></span> 
     </span>
     <span class='ocr_line' id='line_1_22' title="bbox 158 2780 1112 2876; baseline -0.002 -20"><span class='ocrx_word' id='word_1_152' title='bbox 158 2780 368 2876; x_wconf 71' lang='lat' dir='ltr'><strong>posselll).</strong></span> <span class='ocrx_word' id='word_1_153' title='bbox 454 2800 457 2804; x_wconf 88' lang='lat'>·</span> <span class='ocrx_word' id='word_1_154' title='bbox 706 2866 709 2870; x_wconf 16' lang='lat'><strong>⁴</strong></span> <span class='ocrx_word' id='word_1_155' title='bbox 984 2860 987 2873; x_wconf 19' lang='grc' dir='ltr'><strong>ὲ</strong></span> <span class='ocrx_word' id='word_1_156' title='bbox 1044 2856 1054 2867; x_wconf 58' lang='grc'><strong>,,</strong></span> <span class='ocrx_word' id='word_1_157' title='bbox 1109 2844 1112 2849; x_wconf 91' lang='grc'>.</span> 
     </span>
     <span class='ocr_line' id='line_1_23' title="bbox 233 2891 1274 2997; baseline -0.004 -30"><span class='ocrx_word' id='word_1_158' title='bbox 233 2891 398 2977; x_wconf 81' lang='lat' dir='ltr'><strong>Castanea</strong></span> <span class='ocrx_word' id='word_1_159' title='bbox 422 2898 635 2981; x_wconf 79' lang='lat' dir='ltr'><strong>rossanensis</strong></span> <span class='ocrx_word' id='word_1_160' title='bbox 663 2897 937 2997; x_wconf 83' lang='lat' dir='ltr'><strong>archiepiscopus</strong></span> <span class='ocrx_word' id='word_1_161' title='bbox 960 2896 995 2969; x_wconf 92' lang='lat' dir='ltr'><strong>in</strong></span> <span class='ocrx_word' id='word_1_162' title='bbox 1015 2895 1168 2987; x_wconf 86' lang='lat' dir='ltr'><strong>eamdem</strong></span> <span class='ocrx_word' id='word_1_163' title='bbox 1192 2920 1274 2970; x_wconf 44' lang='lat' dir='ltr'><strong>cons</strong></span> 
     </span>
     <span class='ocr_line' id='line_1_24' title="bbox 158 3009 1274 3114; baseline -0.005 -26"><span class='ocrx_word' id='word_1_164' title='bbox 158 3009 266 3090; x_wconf 73' lang='lat' dir='ltr'><strong>cussit</strong></span> <span class='ocrx_word' id='word_1_165' title='bbox 284 3013 502 3101; x_wconf 84' lang='lat' dir='ltr'><strong>sententium,</strong></span> <span class='ocrx_word' id='word_1_166' title='bbox 525 3040 565 3095; x_wconf 90' lang='lat' dir='ltr'><strong>eo</strong></span> <span class='ocrx_word' id='word_1_167' title='bbox 585 3013 676 3114; x_wconf 91' lang='lat' dir='ltr'><strong>quod</strong></span> <span class='ocrx_word' id='word_1_168' title='bbox 698 3010 1054 3099; x_wconf 78' lang='lat' dir='ltr'><strong>adiicereturootoroe</strong></span> <span class='ocrx_word' id='word_1_169' title='bbox 1077 3013 1274 3091; x_wconf 74' lang='lat' dir='ltr'><strong>sacramenti</strong></span> 
     </span>
     <span class='ocr_line' id='line_1_25' title="bbox 159 3123 1274 3230; baseline -0.008 -26"><span class='ocrx_word' id='word_1_170' title='bbox 159 3124 280 3206; x_wconf 79' lang='lat' dir='ltr'><strong>modus</strong></span> <span class='ocrx_word' id='word_1_171' title='bbox 300 3129 441 3227; x_wconf 79' lang='lat' dir='ltr'><strong>quidam</strong></span> <span class='ocrx_word' id='word_1_172' title='bbox 458 3130 576 3230; x_wconf 80' lang='lat' dir='ltr'><strong>ipsam</strong></span> <span class='ocrx_word' id='word_1_173' title='bbox 602 3145 700 3203; x_wconf 87' lang='lat' dir='ltr'><strong>antea</strong></span> <span class='ocrx_word' id='word_1_174' title='bbox 725 3153 793 3202; x_wconf 92' lang='lat' dir='ltr'><strong>non</strong></span> <span class='ocrx_word' id='word_1_175' title='bbox 817 3127 1023 3217; x_wconf 81' lang='lat' dir='ltr'><strong>constituens</strong></span> <span class='ocrx_word' id='word_1_176' title='bbox 1040 3125 1129 3222; x_wconf 73' lang='grc'>(42).</span> <span class='ocrx_word' id='word_1_177' title='bbox 1151 3123 1274 3211; x_wconf 82' lang='lat' dir='ltr'><strong>Contra</strong></span> 
     </span>
     <span class='ocr_line' id='line_1_26' title="bbox 159 3239 1273 3345; baseline 0.003 -33"><span class='ocrx_word' id='word_1_178' title='bbox 159 3265 238 3319; x_wconf 73' lang='grc' dir='ltr'><strong>νοω</strong></span> <span class='ocrx_word' id='word_1_179' title='bbox 260 3241 427 3321; x_wconf 82' lang='lat' dir='ltr'><strong>Antonius</strong></span> <span class='ocrx_word' id='word_1_180' title='bbox 453 3246 632 3329; x_wconf 79' lang='lat' dir='ltr'><strong>Cerronius</strong></span> <span class='ocrx_word' id='word_1_181' title='bbox 664 3245 844 3345; x_wconf 82' lang='lat' dir='ltr'><strong>episcopus</strong></span> <span class='ocrx_word' id='word_1_182' title='bbox 877 3240 1088 3339; x_wconf 75' lang='lat' dir='ltr'><strong>almeriensis</strong></span> <span class='ocrx_word' id='word_1_183' title='bbox 1116 3239 1273 3341; x_wconf 79' lang='lat' dir='ltr'><strong>probarit</strong></span> 
     </span>
     <span class='ocr_line' id='line_1_27' title="bbox 157 3352 1273 3456; baseline -0.004 -21"><span class='ocrx_word' id='word_1_184' title='bbox 157 3352 328 3439; x_wconf 75' lang='lat' dir='ltr'><strong>decretum</strong></span> <span class='ocrx_word' id='word_1_185' title='bbox 355 3358 578 3447; x_wconf 87' lang='lat' dir='ltr'><strong>dicens,-non</strong></span> <span class='ocrx_word' id='word_1_186' title='bbox 600 3359 696 3432; x_wconf 85' lang='lat' dir='ltr'><strong>irrita</strong></span> <span class='ocrx_word' id='word_1_187' title='bbox 720 3358 793 3431; x_wconf 83' lang='lat' dir='ltr'><strong>fieri</strong></span> <span class='ocrx_word' id='word_1_188' title='bbox 819 3357 862 3430; x_wconf 90' lang='lat' dir='ltr'><strong>ab</strong></span> <span class='ocrx_word' id='word_1_189' title='bbox 887 3354 1029 3451; x_wconf 86' lang='lat' dir='ltr'><strong>ecclesia</strong></span> <span class='ocrx_word' id='word_1_190' title='bbox 1053 3381 1113 3456; x_wconf 79' lang='lat' dir='ltr'><strong>per</strong></span> <span class='ocrx_word' id='word_1_191' title='bbox 1137 3354 1202 3434; x_wconf 84' lang='lat' dir='ltr'><strong>hoc</strong></span> <span class='ocrx_word' id='word_1_192' title='bbox 1218 3355 1273 3431; x_wconf 71' lang='lat' dir='ltr'><strong>de-</strong></span> 
     </span>
     <span class='ocr_line' id='line_1_28' title="bbox 157 3469 1271 3574; baseline 0.005 -34"><span class='ocrx_word' id='word_1_193' title='bbox 157 3483 286 3552; x_wconf 76' lang='lat' dir='ltr'><strong>cretum</strong></span> <span class='ocrx_word' id='word_1_194' title='bbox 301 3473 517 3549; x_wconf 85' lang='lat' dir='ltr'><strong>matrimonia</strong></span> <span class='ocrx_word' id='word_1_195' title='bbox 533 3489 712 3574; x_wconf 87' lang='lat' dir='ltr'><strong>postquam</strong></span> <span class='ocrx_word' id='word_1_196' title='bbox 722 3486 947 3557; x_wconf 81' lang='lat' dir='ltr'><strong>¹sacramenta.</strong></span> <span class='ocrx_word' id='word_1_197' title='bbox 956 3485 1057 3565; x_wconf 81' lang='lat' dir='ltr'><strong>sunt,</strong></span> <span class='ocrx_word' id='word_1_198' title='bbox 1068 3469 1129 3563; x_wconf 81' lang='lat' dir='ltr'><strong>sed</strong></span> <span class='ocrx_word' id='word_1_199' title='bbox 1141 3470 1271 3561; x_wconf 86' lang='lat' dir='ltr'><strong>obicem</strong></span> 
     </span>
     <span class='ocr_line' id='line_1_29' title="bbox 156 3584 1272 3686; baseline -0.004 -19"><span class='ocrx_word' id='word_1_200' title='bbox 156 3584 296 3675; x_wconf 71' lang='lat' dir='ltr'><strong>induci,</strong></span> <span class='ocrx_word' id='word_1_201' title='bbox 311 3604 364 3668; x_wconf 75' lang='lat' dir='ltr'><strong>joe</strong></span> <span class='ocrx_word' id='word_1_202' title='bbox 388 3614 467 3672; x_wconf 78' lang='lat' dir='ltr'><strong>cero</strong></span> <span class='ocrx_word' id='word_1_203' title='bbox 490 3591 714 3677; x_wconf 74' lang='lat' dir='ltr'><strong>matrimonio,</strong></span> <span class='ocrx_word' id='word_1_204' title='bbox 735 3586 876 3686; x_wconf 81' lang='lat' dir='ltr'><strong>adeoque</strong></span> <span class='ocrx_word' id='word_1_205' title='bbox 888 3589 999 3684; x_wconf 77' lang='lat' dir='ltr'><strong>etium</strong></span> <span class='ocrx_word' id='word_1_206' title='bbox 1014 3614 1053 3659; x_wconf 84' lang='lat' dir='ltr'><strong>ne</strong></span> <span class='ocrx_word' id='word_1_207' title='bbox 1069 3587 1137 3659; x_wconf 79' lang='lat' dir='ltr'><strong>sint</strong></span> <span class='ocrx_word' id='word_1_208' title='bbox 1160 3613 1272 3671; x_wconf 79' lang='lat' dir='ltr'><strong>sucro·</strong></span> 
     </span>
    </p>
   </div>
   <div class='ocr_carea' id='block_1_3' title="bbox 159 3819 1271 4368">
    <p class='ocr_par' dir='ltr' id='par_1_3' title="bbox 229 3819 1048 3887">
     <span class='ocr_line' id='line_1_30' title="bbox 229 3819 1048 3887; baseline -0.004 -17"><span class='ocrx_word' id='word_1_209' title='bbox 229 3819 282 3883; x_wconf 70' lang='lat'>(39)</span> <span class='ocrx_word' id='word_1_210' title='bbox 297 3822 373 3872; x_wconf 84' lang='lat' dir='ltr'><strong>Num.</strong></span> <span class='ocrx_word' id='word_1_211' title='bbox 390 3827 414 3872; x_wconf 85' lang='lat'><strong>5.</strong></span> <span class='ocrx_word' id='word_1_212' title='bbox 833 3876 836 3883; x_wconf 47' lang='lat'>‚</span> <span class='ocrx_word' id='word_1_213' title='bbox 1032 3864 1048 3887; x_wconf 25' lang='grc' dir='ltr'><strong>,Ι</strong></span> 
     </span>
    </p>

    <p class='ocr_par' dir='ltr' id='par_1_4' title="bbox 159 3884 1271 4207">
     <span class='ocr_line' id='line_1_31' title="bbox 228 3884 1270 3963; baseline -0.007 -13"><span class='ocrx_word' id='word_1_214' title='bbox 228 3898 281 3963; x_wconf 80' lang='lat' dir='ltr'><strong>(to)</strong></span> <span class='ocrx_word' id='word_1_215' title='bbox 296 3899 360 3950; x_wconf 83' lang='lat' dir='ltr'><strong>thid.</strong></span> <span class='ocrx_word' id='word_1_216' title='bbox 376 3892 505 3952; x_wconf 79' lang='lat' dir='ltr'><strong>Rationem</strong></span> <span class='ocrx_word' id='word_1_217' title='bbox 521 3900 594 3950; x_wconf 89' lang='lat' dir='ltr'><strong>huius</strong></span> <span class='ocrx_word' id='word_1_218' title='bbox 609 3898 648 3950; x_wconf 89' lang='lat' dir='ltr'><strong>uni</strong></span> <span class='ocrx_word' id='word_1_219' title='bbox 663 3884 863 3949; x_wconf 79' lang='lat' dir='ltr'><strong>desideriltalerb</strong></span> <span class='ocrx_word' id='word_1_220' title='bbox 873 3897 996 3962; x_wconf 84' lang='lat' dir='ltr'><strong>praebuit,</strong></span> <span class='ocrx_word' id='word_1_221' title='bbox 1007 3885 1216 3959; x_wconf 76' lang='lat' dir='ltr'><strong>quaemuglsrem</strong></span> <span class='ocrx_word' id='word_1_222' title='bbox 1227 3895 1270 3944; x_wconf 83' lang='lat' dir='ltr'><strong>ntt&#39;·</strong></span> 
     </span>
     <span class='ocr_line' id='line_1_32' title="bbox 159 3975 1271 4044; baseline -0.005 -13"><span class='ocrx_word' id='word_1_223' title='bbox 159 3981 234 4031; x_wconf 79' lang='lat' dir='ltr'><strong>utram</strong></span> <span class='ocrx_word' id='word_1_224' title='bbox 250 3981 382 4032; x_wconf 82' lang='lat' dir='ltr'><strong>confirmat</strong></span> <span class='ocrx_word' id='word_1_225' title='bbox 392 3981 528 4044; x_wconf 79' lang='lat' dir='ltr'><strong>«Quando,</strong></span> <span class='ocrx_word' id='word_1_226' title='bbox 539 3981 632 4044; x_wconf 83' lang='lat' dir='ltr'><strong>inquit,</strong></span> <span class='ocrx_word' id='word_1_227' title='bbox 645 3980 761 4031; x_wconf 84' lang='lat' dir='ltr'><strong>haeretici</strong></span> <span class='ocrx_word' id='word_1_228' title='bbox 772 3979 902 4041; x_wconf 87' lang='lat' dir='ltr'><strong>volebant,</strong></span> <span class='ocrx_word' id='word_1_229' title='bbox 915 3980 943 4028; x_wconf 87' lang='lat' dir='ltr'><strong>ut</strong></span> <span class='ocrx_word' id='word_1_230' title='bbox 956 3978 1026 4042; x_wconf 83' lang='lat' dir='ltr'><strong>impii</strong></span> <span class='ocrx_word' id='word_1_231' title='bbox 1039 3977 1149 4040; x_wconf 84' lang='lat' dir='ltr'><strong>ipsomm</strong></span> <span class='ocrx_word' id='word_1_232' title='bbox 1166 3975 1271 4026; x_wconf 84' lang='lat' dir='ltr'><strong>ministri</strong></span> 
     </span>
     <span class='ocr_line' id='line_1_33' title="bbox 160 4056 1270 4126; baseline -0.005 -14"><span class='ocrx_word' id='word_1_233' title='bbox 160 4062 248 4126; x_wconf 79' lang='lat' dir='ltr'><strong>nuptiis</strong></span> <span class='ocrx_word' id='word_1_234' title='bbox 258 4062 319 4114; x_wconf 82' lang='lat' dir='ltr'><strong>bene</strong></span> <span class='ocrx_word' id='word_1_235' title='bbox 329 4065 501 4126; x_wconf 84' lang='lat' dir='ltr'><strong>precarentur,</strong></span> <span class='ocrx_word' id='word_1_236' title='bbox 512 4062 592 4112; x_wconf 89' lang='lat' dir='ltr'><strong>mutto</strong></span> <span class='ocrx_word' id='word_1_237' title='bbox 606 4063 802 4112; x_wconf 68' lang='lat' dir='ltr'><strong>conveniendus</strong></span> <span class='ocrx_word' id='word_1_238' title='bbox 813 4059 839 4109; x_wconf 91' lang='lat' dir='ltr'><strong>id</strong></span> <span class='ocrx_word' id='word_1_239' title='bbox 854 4059 975 4122; x_wconf 80' lang='lat' dir='ltr'><strong>agendum</strong></span> <span class='ocrx_word' id='word_1_240' title='bbox 986 4059 1012 4108; x_wconf 90' lang='lat' dir='ltr'><strong>iu</strong></span> <span class='ocrx_word' id='word_1_241' title='bbox 1022 4058 1124 4110; x_wconf 82' lang='lat' dir='ltr'><strong>ecclesis</strong></span> <span class='ocrx_word' id='word_1_242' title='bbox 1136 4056 1270 4118; x_wconf 81' lang='lat' dir='ltr'><strong>catholica,</strong></span> 
     </span>
     <span class='ocr_line' id='line_1_34' title="bbox 162 4140 909 4207; baseline 0 -15"><span class='ocrx_word' id='word_1_243' title='bbox 162 4140 184 4192; x_wconf 86' lang='lat' dir='ltr'><strong>in</strong></span> <span class='ocrx_word' id='word_1_244' title='bbox 202 4156 254 4207; x_wconf 82' lang='lat' dir='ltr'><strong>qua</strong></span> <span class='ocrx_word' id='word_1_245' title='bbox 274 4143 327 4194; x_wconf 87' lang='lat' dir='ltr'><strong>veri</strong></span> <span class='ocrx_word' id='word_1_246' title='bbox 344 4145 402 4194; x_wconf 87' lang='lat' dir='ltr'><strong>sunt</strong></span> <span class='ocrx_word' id='word_1_247' title='bbox 419 4143 463 4194; x_wconf 86' lang='lat' dir='ltr'><strong>Dei</strong></span> <span class='ocrx_word' id='word_1_248' title='bbox 484 4143 607 4205; x_wconf 86' lang='lat' dir='ltr'><strong>ministri,</strong></span> <span class='ocrx_word' id='word_1_249' title='bbox 629 4142 730 4206; x_wconf 80' lang='lat' dir='ltr'><strong>verique</strong></span> <span class='ocrx_word' id='word_1_250' title='bbox 747 4141 909 4192; x_wconf 76' lang='lat' dir='ltr'><strong>sacerdotes»</strong></span> 
     </span>
    </p>

    <p class='ocr_par' dir='ltr' id='par_1_5' title="bbox 231 4224 414 4286">
     <span class='ocr_line' id='line_1_35' title="bbox 231 4224 414 4286; baseline -0.005 -12"><span class='ocrx_word' id='word_1_251' title='bbox 231 4224 282 4286; x_wconf 79' lang='lat'>(41)</span> <span class='ocrx_word' id='word_1_252' title='bbox 298 4227 372 4274; x_wconf 80' lang='lat' dir='ltr'><strong>Num.</strong></span> <span class='ocrx_word' id='word_1_253' title='bbox 391 4231 414 4274; x_wconf 83' lang='lat'><strong>8.</strong></span> 
     </span>
    </p>

    <p class='ocr_par' dir='ltr' id='par_1_6' title="bbox 228 4303 427 4368">
     <span class='ocr_line' id='line_1_36' title="bbox 228 4303 427 4368; baseline -0.005 -14"><span class='ocrx_word' id='word_1_254' title='bbox 228 4303 281 4368; x_wconf 81' lang='lat' dir='ltr'><strong>(tr)</strong></span> <span class='ocrx_word' id='word_1_255' title='bbox 296 4305 370 4353; x_wconf 83' lang='lat' dir='ltr'><strong>Num.</strong></span> <span class='ocrx_word' id='word_1_256' title='bbox 390 4311 427 4354; x_wconf 85' lang='lat' dir='ltr'><strong>to.</strong></span> 
     </span>
    </p>
   </div>
   <div class='ocr_carea' id='block_1_4' title="bbox 0 0 1440 5062">
    <p class='ocr_par' dir='ltr' id='par_1_7' title="bbox 0 0 1440 5062">
     <span class='ocr_line' id='line_1_37' title="bbox 0 0 1440 5062; baseline 0 2"><span class='ocrx_word' id='word_1_257' title='bbox 0 0 1440 5062; x_wconf 95' lang='lat' dir='ltr'><strong> </strong></span> 
     </span>
    </p>
   </div>
  </div>
 </body>
</html>
