2872 5062
344 394 411 443 cur.
431 393 479 441 m.
497 393 537 440 ns
559 391 691 441 nurum.
709 390 821 441 cvvms
838 391 929 440 tucn.
950 393 1021 441 mr.
1038 393 1081 441 vv.
1198 372 1263 442 331

233 511 443 610 Quapropter
467 509 622 609 quamvis
647 509 731 582 tales
757 509 818 580 lilii
840 508 993 584 lubentes
1028 536 1068 582 ex
1103 511 1268 609 pravitate

157 626 270 702 cordis
296 626 349 700 sui
373 624 563 711 ambulent,
591 625 672 726 quia
698 626 788 699 caeci
814 641 917 713 sunt,
946 652 1055 726 noque
1081 644 1268 723 agnoscunt

157 769 226 842 quo
250 741 464 841 gradiantur,
493 740 713 814 nibilominus
744 742 773 814 si
804 740 917 840 paullo
943 741 1264 828 animadverterent,

157 875 192 932 et
208 859 242 930 in
261 883 398 932 causam
424 871 590 930 tantorum
615 857 777 930 malorum
799 857 887 930 serio
909 857 1135 956 inquirerent,
1157 884 1268 931 nonne

157 999 320 1048 accusare
350 974 437 1046 iuste
462 988 602 1072 possent
629 973 736 1071 legem
762 972 878 1060 illam,
907 988 1077 1073 tamquam
1101 973 1267 1047 eiusmodi

157 1089 273 1187 gravis
298 1089 383 1162 adeo
407 1087 581 1162 infortunii
606 1087 801 1186 originem?
826 1088 937 1174 Quum
969 1106 1141 1188 praeterea
1178 1089 1268 1162 baud

157 1228 234 1277 raro
255 1203 422 1276 eiusmodi
437 1203 497 1274 filii
512 1203 610 1277 bonis
630 1204 922 1304 patrimonialibus
940 1205 1009 1278 sint
1025 1204 1193 1293 destituti,
1214 1230 1269 1278 ne·

156 1344 224 1418 que
245 1321 313 1392 sint
338 1318 451 1392 idonei
477 1319 520 1390 ad
546 1319 722 1393 honestam
748 1319 814 1391 sibi
841 1319 1026 1418 parandam
1053 1320 1269 1394 sustentatio-

157 1458 256 1521 nem,
283 1456 388 1534 quum
412 1449 445 1506 et
469 1432 640 1508 tabescere
664 1450 826 1532 cogantur
847 1436 881 1506 in
908 1461 1017 1508 rorum
1042 1461 1129 1535 pene
1154 1461 1268 1509 neces·

157 1549 323 1622 sariorum
358 1549 523 1648 penuria,
560 1548 727 1648 quomodo
752 1576 821 1623 non
846 1550 1050 1624 incusabant
1078 1549 1267 1650 tyrannidis

158 1664 266 1760 legem
296 1663 413 1750 illam,
443 1663 486 1735 ob
512 1690 613 1762 quam
644 1664 678 1734 in
708 1679 837 1737 tantum
868 1666 1093 1759 infortunium
1118 1665 1268 1766 prolapsi

158 1778 261 1852 sunt?

231 1894 372 1967 Domum
390 1911 545 1994 respectu
558 1897 681 1968 civium
700 1897 882 1969 universim
900 1897 1109 1995 tyrannicam
1128 1880 1269 1969 evadere

157 2006 310 2082 eamdem
337 2008 444 2106 legem
470 2036 536 2083 non
558 2035 626 2082 uno
648 2036 686 2083 ex
707 2011 818 2108 capite
839 2012 1015 2084 evincitur.
1037 2011 1084 2083 Ac
1102 2012 1211 2111 primo
1227 2037 1269 2084 en

157 2123 406 2224 perturbatione
431 2125 658 2211 familiarum,
692 2140 892 2222 parentum,
922 2151 961 2198 ac
985 2127 1263 2226 propinquorum.

157 2237 201 2309 lli
223 2239 326 2327 enim,
347 2241 378 2312 si
394 2240 571 2312 christiani
598 2239 720 2312 sinceri
747 2240 889 2326 luerint,
909 2265 977 2313 non
995 2253 1151 2337 poterunt
1176 2240 1267 2312 omni

158 2380 227 2455 qua
249 2355 384 2428 valeant
408 2355 561 2442 ratione,
590 2380 658 2427 non
683 2355 864 2441 damnare,
894 2379 932 2426 ac
954 2353 1113 2427 detestari
1140 2352 1269 2427 abomi-

157 2469 289 2544 nabiles
315 2470 480 2544 eiusmodi
505 2471 664 2570 nuptias,
692 2485 794 2570 atque
819 2486 918 2569 prout
940 2471 974 2542 in
1007 2464 1093 2568 ipsis
1117 2485 1189 2558 est,
1218 2469 1268 2544 eis

156 2585 343 2674 obsistere,
358 2612 406 2660 ac
429 2586 593 2687 impedire
617 2587 805 2686 quominus
826 2588 1076 2660 contrabantur.
1094 2585 1268 2686 Siquidem
1368 2677 1371 2684 Ι

158 2717 282 2776 norunt
305 2727 383 2789 eos,
412 2702 469 2801 qui
492 2700 569 2774 illas
595 2717 773 2788 attentant,
802 2703 837 2773 in
864 2703 995 2775 ruinam
1022 2727 1061 2775 ac
1085 2702 1269 2801 perniciem

158 2817 347 2891 animarum
373 2844 527 2905 suarum,
549 2819 584 2890 in
602 2819 836 2892 detrimentum
855 2819 1027 2916 religionis
1045 2833 1078 2891 et
1094 2818 1269 2892 conscien-

158 2934 226 3006 tiae
238 2932 274 3006 id
288 2950 476 3033 praestare,
497 2949 597 3035 atque
614 2935 649 3007 in
668 2924 832 3034 praeceps
847 2934 1009 3008 malorum
1023 2934 1172 3007 omnium
1190 2957 1268 3031 pro

159 3076 267 3125 ruere.
286 3050 396 3136 Quum
412 3078 491 3126 vero
508 3051 704 3151 parentibus
725 3051 817 3125 cordi
836 3078 912 3124 esse
933 3050 1052 3123 debeat
1073 3064 1143 3121 tum
1161 3048 1267 3120 animi

158 3179 229 3237 tum
246 3167 395 3267 corporis
414 3167 558 3241 liliorum
585 3193 722 3241 suorum
748 3165 981 3252 incolumitas,
1002 3165 1075 3237 iure
1092 3189 1132 3236 ac
1149 3163 1268 3236 merito

158 3305 310 3355 moerore
336 3298 369 3355 ct
393 3283 509 3358 dolore
530 3283 741 3370 afficiuntur,
762 3283 792 3356 si
810 3282 989 3355 audierint
1004 3280 1093 3355 filios
1111 3307 1191 3355 suos
1210 3296 1270 3354 aut

159 3395 248 3470 filias
273 3399 310 3469 in
331 3399 508 3473 exitiosum
533 3400 699 3473 eiusmodi
722 3400 879 3498 laqueum
898 3424 934 3471 se
952 3397 1131 3471 coniicerc.
1152 3398 1202 3472 Er
1219 3396 1269 3471 al-

159 3527 233 3587 tera
257 3540 336 3589 vero
361 3532 473 3615 parte,
501 3515 709 3602 inconsulta,
739 3530 837 3614 prout
861 3540 938 3587 esse
962 3513 1067 3602 solet,
1094 3530 1127 3588 et
1151 3515 1269 3588 incon-

158 3628 308 3703 siderata
331 3631 486 3705 iuventus
512 3631 601 3704 mala
627 3658 690 3705 sua
714 3647 771 3703 aut
798 3657 863 3704 non
888 3630 996 3719 videt,
1017 3646 1074 3705 aut
1091 3631 1270 3731 parvipen-

157 3742 235 3830 dit,
264 3769 362 3818 caeco
388 3771 426 3818 se
450 3746 671 3846 cupiditatum
707 3761 826 3833 aestu,
865 3746 932 3818 imo
957 3763 990 3820 et
1005 3747 1126 3822 'lurore
1158 3743 1268 3844 abripi

159 3859 261 3946 sinit,
283 3885 345 3932 nec
366 3887 435 3960 quo
452 3879 569 3961 pergat
584 3862 836 3949 animadvertit3
853 3863 1018 3937 effraenes
1037 3859 1266 3934 adolescentes

156 3973 302 4047 consilia
326 3977 439 4050 omnia
464 3978 656 4077 negligunt,
685 3979 812 4053 monita
829 3995 861 4053 et
879 3977 1160 4056 comminationes>
1176 4001 1269 4075 sper-

158 4109 261 4180 nunt,
286 4119 386 4169 aures
413 4095 594 4171 occludunt
617 4096 775 4191 omnibus
800 4097 965 4170 rationum
987 4093 1185 4180 momentis,
1207 4117 1270 4166 nec

156 4209 252 4282 aliud
269 4208 459 4302 intendunt,
474 4213 540 4286 nisi
558 4229 595 4286 ut
614 4240 666 4303 eo,
682 4240 749 4313 quo
766 4212 916 4300 tendunt,
933 4210 1066 4285 tandem
1085 4196 1269 4311 aliquando

158 4342 367 4423 pervemant.
1226 4350 1230 4355 ·
