2872 5062
289 377 359 436 aaa
377 387 399 435 1.
416 387 456 435 nn
474 385 604 437 uarmu.
626 386 739 436 errius
758 386 892 435 aarum.
909 387 980 435 aur.
998 387 1044 436 111.
1149 365 1217 434 233

108 500 289 580 theoretice
321 505 393 577 sive
417 502 563 602 practice
590 528 644 574 res
670 517 865 600 spectetur,
895 497 1086 600 coniugium
1123 496 1221 579 ciuile

108 620 321 721 polygamiae
346 618 464 692 saltem
489 618 653 691 materiali
675 644 714 691 ac
737 618 834 715 legali
862 614 990 706 lavere,
1018 619 1053 690 in
1079 645 1221 719 eamque

108 737 283 823 inducere,
307 735 458 833 adeoque
477 748 515 806 ut
537 733 669 806 duobus
694 733 789 807 hisce
814 733 963 807 articulis
989 735 1216 822 ostendimus,

107 850 236 949 duplici
253 847 429 922 christiani
453 847 654 921 matrimonii
680 849 894 948 proprietati,
924 849 1080 922 nimirum
1098 850 1219 924 unitati

107 982 141 1037 et
164 962 473 1050 indissolubilitati,
503 961 686 1036 aduersari.

521 1196 737 1256 ARTICULUS.
760 1199 806 1254 ill.
846 1194 849 1199 ’

163 1359 380 1419 Matrimonium
397 1359 482 1419 civile
495 1335 661 1420 naturasua
675 1361 844 1421 adversatur
863 1361 993 1437 publicae
1007 1356 1163 1438 honestati,

303 1457 472 1534 inducitque
492 1459 523 1517 iu
544 1465 672 1534 apertam
692 1475 808 1519 morum
830 1459 1032 1536 corruptelam.

178 1660 214 1731 Si
241 1660 491 1734 matrimonium
516 1661 615 1734 civile
641 1678 759 1734 natura
781 1687 843 1734 sua
864 1662 971 1760 turpis
988 1677 1040 1733 est
1062 1659 1221 1734 concubi-

107 1791 206 1848 natus
220 1790 252 1848 et
263 1775 440 1850 christiani
459 1776 661 1850 matrimonii
681 1777 902 1864 sanctitatem,
922 1777 1096 1862 unitatem,
1114 1777 1221 1848 indis-

107 1889 416 1990 solubilitatemque
445 1893 641 1978 contemnit,
673 1908 772 1991 prout
795 1892 957 1965 hactenus
982 1890 1217 1978 ostendimus,

106 2005 222 2079 multis
247 2033 333 2107 opus
355 2033 421 2080 non
439 2023 546 2081 estut
567 2007 772 2105 intelligatur
789 2007 957 2107 pessimos
979 2009 1058 2080 inde
1079 2002 1220 2081 ellectus

107 2120 300 2195 necessario
322 2121 402 2194 oriri
426 2121 568 2208 debere,
597 2120 766 2221 publicam
793 2147 914 2220 nempe
939 2121 1135 2220 nequitiam,
1151 2121 1221 2193 ioe-

107 2234 255 2334 damq-ue
279 2260 409 2309 morum
433 2235 673 2335 corruptelam,
695 2262 734 2308 ac
754 2234 916 2335 paulatim
941 2235 1088 2308 familiae
1113 2234 1221 2308 socie·

107 2351 255 2450 tutisque
276 2351 418 2423 ruinam.

179 2465 228 2538 Ac
252 2465 380 2563 primo,
409 2466 499 2564 quod
523 2467 640 2540 attinet
657 2467 700 2538 ad
718 2464 887 2564 publicam
915 2465 1135 2552 honestatem,
1165 2465 1219 2538 eui

107 2580 281 2654 adversari
299 2579 447 2653 diximus
460 2581 651 2678 coniugium
669 2581 780 2666 civile,
797 2597 928 2680 oportet
940 2598 1016 2654 ante
1029 2580 1142 2653 omnia
1159 2579 1221 2653 ho·

107 2695 248 2768 uastatis
273 2694 428 2794 publicae
453 2697 605 2771 notitiam
630 2699 855 2795 praemittere.
880 2696 971 2771 Haec
995 2721 1095 2795 porro
1121 2694 1220 2771 alicui

109 2808 260 2882 societati
286 2810 400 2883 inesse
424 2827 594 2896 censetur,
614 2837 690 2883 cum
708 2811 832 2883 civium
858 2812 1007 2885 actiones
1033 2810 1222 2907 diriguntur

109 2937 144 2994 et
160 2921 354 3024 ordinantur
373 2923 416 2996 ad
433 2923 581 3021 regulam
604 2940 712 2999 rectae
735 2926 875 2999 rationis
901 2931 932 2998 a'
947 2925 1106 3022 religione
1125 2950 1222 3022 prae-

107 3036 223 3109 sertim
247 3036 432 3111 illustratae
456 3053 557 3136 atque
583 3039 754 3111 suilultae.
779 3040 850 3111 lam
868 3065 947 3112 vero
970 3065 1029 3136 per
1052 3036 1222 3110 connubia

106 3150 222 3224 ciuilia
245 3143 396 3225 eiusdem
421 3151 509 3226 laedi
534 3152 702 3251 publicam
733 3152 942 3226 honestatem
967 3152 1120 3225 evincere
1141 3177 1222 3250 ope—

105 3291 220 3338 rosum
247 3291 313 3338 non
345 3282 408 3339 est.

178 3380 312 3454 Etenim
337 3381 465 3454 firmior
490 3382 533 3454 ad
557 3384 775 3456 continendos
800 3382 943 3482 populos
968 3381 1113 3467 habena,
1138 3409 1221 3455 nea

106 3495 238 3568 tramite
269 3494 454 3571 honestatis
486 3497 662 3584 dillluant,
697 3499 845 3571 omnium
873 3524 1040 3572 consensu
1065 3515 1097 3571 et
1121 3525 1222 3597 expe-

104 3608 226 3681 rientia
247 3607 405 3696 docente,
430 3626 481 3682 cst
506 3611 634 3708 religio.
659 3612 742 3683 Cum
765 3612 869 3698 haec,
899 3629 957 3685 aut
977 3639 1134 3711 parvam,
1164 3629 1222 3686 aut

56 3737 59 3742 ’
104 3723 233 3797 nullam
258 3742 389 3800 exercet
412 3726 480 3798 vim
507 3726 540 3797 in
567 3727 740 3805 hominum
758 3727 965 3814 voluntates,
987 3729 1222 3828 ipsi-spectata

104 3838 227 3912 actuali
247 3856 423 3938 corruptae
446 3857 584 3913 naturae
604 3842 812 3928 conditione,
837 3843 927 3916 illico
945 3844 980 3915 in
1000 3844 1083 3917 vitia
1100 3861 1217 3931 ruunt,

104 3954 268 4052 pudorem
292 3956 486 4042 ¹excutiunt,
515 3957 740 4030 conscientiae
761 3985 912 4031 normam
939 3958 1130 4057 negligunt,
1152 3959 1221 4032 imo

102 4069 310 4166 proculcant.
337 4072 437 4144 Porro
457 4097 517 4169 per
542 4072 752 4145 matrimonia
776 4073 907 4157 civilia,
937 4073 1090 4172 deposita
1111 4074 1221 4146 omnis

104 4186 293 4260 sanctitatis
312 4186 435 4274 forma,
465 4214 553 4286 quae
577 4188 770 4285 coniugium
797 4190 946 4262 comitari
978 4189 1131 4276 deberet,
1161 4217 1221 4289 pc-

104 4304 246 4378 riculum
272 4322 324 4380 est
347 4332 389 4379 ue
414 4332 490 4378 cum
517 4305 677 4399 religione
696 4333 734 4379 ac
755 4308 814 4380 Ilei
841 4307 977 4394 timore,
1002 4307 1102 4378 etiam
1123 4323 1221 4380 natu·
