2872 5062
194 342 262 418 210
388 369 449 419 tm.
471 367 494 418 Ι.
517 367 602 419 ΜΤ.
624 368 753 417 terent.
775 368 814 417 DE
840 368 970 418 mm·
991 367 1097 418 Givlbl.

192 486 300 560 debet.
322 489 422 559 Porro
440 501 551 584 patres
568 485 717 557 unanimi
737 485 958 558 consensione
976 501 1145 583 tamquam
1171 485 1299 583 princi-

192 599 284 700 pium
310 601 375 674 sibi
395 616 571 674 assumunt
588 600 623 671 in
636 600 791 674 conflictu
807 599 891 696 legis
908 600 1087 688 humanae,
1108 626 1169 673 seu
1186 601 1299 674 civilis

132 759 135 762 ·
191 741 266 787 eum
285 714 358 812 lege
374 714 504 800 divina,
525 714 650 787 nullam
669 740 804 814 prorsus
824 715 984 788 rationem
1001 713 1088 812 legis
1104 715 1297 788 habendam

191 854 286 916 esse,
306 829 365 902 ubi
384 828 433 901 illi
451 830 646 902 adversetur
669 825 722 902 lex
747 829 880 917 divina,
909 845 966 902 aut
990 829 1090 902 etiam
1115 831 1295 918 canonica;

191 959 292 1041 atque
304 942 410 1040 legem
429 943 622 1029 humanam,
643 968 702 1015 seu
722 942 866 1028 civilem,
889 968 1137 1043 aquaoumque
1161 944 1297 1018 demum

191 1058 385 1132 auctoritate
402 1053 638 1146 dimanaverit,
656 1085 836 1158 numquam
854 1085 955 1157 posse
974 1057 1192 1132 cohonestare
1208 1086 1299 1159 quae

187 1195 211 1245 'a
235 1173 349 1246 diuina
374 1173 447 1270 lege
471 1191 639 1273 tamquam
666 1173 843 1247 inhonesta
860 1199 900 1246 ac
925 1172 1036 1272 turpia
1061 1174 1294 1273 reprobantur.

189 1287 407 1387 Applicarunt
431 1306 541 1364 autem
566 1289 720 1387 generale
736 1289 800 1363 boc
820 1288 1019 1388 principium
1040 1289 1148 1378 adid,
1169 1290 1298 1390 dequo

190 1395 269 1477 tunc
300 1406 459 1504 temporis
497 1405 685 1502 agebatur,
716 1431 835 1504 nempe
868 1406 911 1477 ad
944 1404 1121 1478 divortium
1155 1407 1297 1479 strictim

190 1535 381 1619 sumptum,
403 1546 463 1592 seu
480 1520 591 1618 quoad
615 1519 804 1606 vinculum,
826 1520 917 1620 quod
935 1519 1012 1592 lieet
1029 1519 1119 1594 civili
1132 1520 1205 1618 lege
1218 1547 1299 1594 sau-

190 1635 329 1723 oiretur,
346 1636 454 1733 alege
473 1651 584 1708 tamen
608 1636 723 1709 divina
746 1637 883 1710 uetitum
897 1655 980 1710 erat.
1000 1637 1068 1709 Nos
1080 1662 1158 1709 vero
1171 1637 1301 1710 utimur

190 1749 306 1821 eodem
325 1750 488 1849 principio
506 1750 687 1823 universim
701 1777 721 1822 a
735 1749 883 1849 patribus
901 1750 1029 1849 posito,
1050 1748 1201 1847 illudque
1217 1751 1298 1824 con·

189 1864 347 1937 vertimus
372 1865 415 1937 ad
441 1865 670 1965 quaestionem
695 1879 842 1938 nostram
867 1866 908 1937 de
930 1864 1095 1961 coniugiis
1120 1864 1295 1953 civilibus,

188 2004 276 2076 quae
300 1971 454 2078 quamvis
472 2006 491 2051 a
509 1979 582 2076 lege
606 1975 753 2053 humana
777 1979 985 2066 sanciantur,
1014 1978 1156 2078 spectari
1186 1980 1297 2052 tamen

189 2092 312 2168 debent
334 2095 383 2167 uti
403 2094 553 2169 exitiales
577 2109 611 2168 et
635 2110 750 2195 turpes
775 2095 1041 2181 coniunctiones,
1068 2109 1184 2194 utpote
1207 2120 1299 2194 quae

188 2232 209 2281 a
233 2208 347 2283 diuina
372 2209 446 2307 lege
469 2237 509 2283 ex
533 2204 698 2284 catholica
722 2209 871 2283 doctrina
895 2209 1124 2308 reprobentur.

192 2356 198 2361 ·
260 2323 356 2409 Quod
382 2324 412 2396 si
437 2323 484 2396 nil
509 2323 600 2397 aliud
626 2341 678 2397 est
701 2323 974 2412 matrimonium,
1003 2322 1092 2423 quod
1121 2322 1221 2396 civile
1246 2323 1300 2395 di-

139 2511 141 2516 .
187 2437 285 2526 citur,
307 2464 408 2538 quam
424 2440 533 2538 turpis
551 2440 791 2512 concubinatus
809 2437 938 2535 legalis,
960 2463 1099 2511 necesse
1115 2453 1169 2511 est
1186 2437 1298 2512 dicore

186 2576 252 2623 uon
277 2552 375 2624 modo
400 2546 494 2624 nulla
516 2552 698 2651 aliquando
731 2552 859 2624 ratione
890 2550 1075 2647 legitimum
1103 2566 1206 2650 atque
1236 2552 1297 2624 bo-

187 2656 318 2738 nestum
336 2667 424 2740 effici
447 2693 550 2766 posse
572 2668 691 2766 quavis
716 2667 801 2764 legis
828 2667 1010 2756 sanctione,
1030 2683 1088 2740 aut
1104 2664 1219 2766 potios
1237 2665 1297 2741 ob·

187 2771 297 2868 tento,
315 2781 374 2854 scd
386 2799 563 2885 *praeterea
580 2799 743 2883 quotquot
757 2781 923 2856 eiusmodi
934 2778 1110 2855 ‘connubia
1126 2781 1298 2856 celebrant

187 2921 260 2969 reos
275 2923 312 2970 se
324 2899 523 2971 constituere
549 2898 738 2995 gravissimi
760 2897 910 2971 criminis
929 2895 1039 2971 eoram
1055 2896 1296 2977 Decetcoram

185 3003 345 3099 ecciesia3
361 3003 463 3114 atque
475 3013 509 3087 si
528 3013 575 3087 ita
592 3013 626 3084 in
644 3013 765 3086 iisdem
778 3013 922 3086 'nexibus
942 3027 1169 3113 perseverent,
1185 3013 1221 3084 in
1235 3012 1296 3084 ha-

185 3126 303 3202 bituali
328 3119 466 3228 peccato
489 3130 625 3227 degere,
653 3146 755 3229 atque
772 3128 807 3200 in
824 3129 950 3201 aeterni
967 3127 1058 3201 exitii
1077 3124 1291 3213 discrimino,

186 3243 276 3340 quod
297 3261 385 3318 certo
402 3236 589 3332 incurrent,
611 3244 676 3317 nisi
694 3270 751 3317 eos
769 3239 845 3317 auto
861 3259 1000 3317 mortem
1015 3241 1119 3315 buius
1135 3240 1296 3317 facinoris
1330 3235 1331 3238 ¹

185 3357 363 3454 poeniteat,
391 3385 430 3431 ac
455 3359 667 3458 resipiscant.
902 3441 904 3444 Α
1257 3383 1260 3386 ’

257 3471 376 3549 Verum
397 3499 459 3545 nec
482 3473 564 3546 illud
592 3473 809 3547 omittendum
833 3472 908 3546 sine
932 3469 1225 3560 animadversione
1244 3485 1296 3543 est

137 3647 138 3650 ,
186 3586 487 3686 pseudo-politicos
512 3589 657 3686 graviter
678 3588 824 3662 vocibus'
841 3586 933 3659 abuti
952 3585 994 3658 ad
1017 3583 1178 3683 populum
1204 3583 1296 3658 deci-

72 3735 75 3742 ·
187 3699 348 3799 piendum
360 3702 458 3801 eique
476 3695 632 3790 illudere,
650 3703 854 3800 dum'lcgem
871 3714 1062 3801 proponunt
1078 3696 1294 3773 sanciendam

133 3836 136 3842 ’
186 3815 250 3889 sub
268 3816 419 3917 specioso
432 3820 632 3891 matrimonii
647 3818 754 3890 civilis
768 3816 874 3891 titulo.
891 3817 973 3889 Cum
987 3814 1077 3887 enim
1090 3809 1125 3886 in
1138 3810 1295 3912 pactione

152 3934 160 3956 ⁵
186 3928 245 4003 illa
261 3931 364 4019 civili,
382 3958 442 4004 seu
461 3948 587 4006 tantum
605 3958 717 4006 coram
738 3931 874 4036 politico
897 3931 1094 4028 magistratu
1107 3927 1203 4015 inita,
1220 3927 1294 4000 nul-

185 4043 254 4116 lum
280 4045 477 4121 interveniat
501 4046 766 4134 matrimonium,
798 4044 858 4119 sed
881 4044 979 4118 unico
1004 4059 1138 4143 pactum
1164 4042 1208 4128 de
1227 4041 1294 4115 vita

186 4158 364 4233 fornicaria
382 4160 553 4249 ducenda,
573 4162 688 4262 inique
713 4187 850 4260 prorsus
868 4160 1071 4232 matrimonii
1087 4157 1225 4230 nominc
1242 4156 1291 4226 in-

186 4272 339 4371 signitur.
356 4276 497 4369 Deberot
521 4276 661 4377 proinde
677 4274 842 4356 eiusmodi
868 4273 920 4351 lex
945 4271 1083 4355 inscribi
1108 4270 1153 4370 de
1177 4296 1292 4344 concc-
