2872 5062
161 356 226 428 tao
350 377 411 428 nm.
432 376 456 429 r.
476 374 571 427 sacri.
584 376 606 427 1.
629 375 669 425 nn
685 373 816 426 urrais.
834 366 1048 424 sacristiam.

89 477 95 501 ¹
156 497 204 567 De
228 495 377 568 secandis
401 497 524 593 nuptiis
550 493 724 568 statuitur:
748 491 872 579 «Quod
888 518 952 564 non
970 491 1061 564 debet
1086 491 1262 566 benedictio

156 613 272 683 r'ternn'
282 612 355 705 (29)
364 669 369 680 .
378 639 395 679 »
406 609 536 697 Quibus
549 609 687 682 evidens
701 608 738 680 fit
749 608 879 681 obiecta
889 607 991 681 verba
1003 633 1068 682 non
1082 607 1148 693 alio
1158 633 1263 682 seusu

157 723 296 820 intelligi
322 749 440 823 posse,
467 750 570 822 quam
595 723 638 795 de
661 723 891 796 benedictione
919 723 1147 811 ceremoniali,
1176 750 1264 823 quae

157 837 370 913 omittebatur
390 839 425 910 in
444 837 602 912 secundis
617 837 756 936 nuptiis,
780 837 933 936 quamvis
946 837 1106 926 ecclesia,
1130 839 1179 911 uti
1204 839 1266 922 ad,-

158 955 361 1042 notavimus,
372 980 430 1027 eas
440 979 571 1052 semper
580 952 735 1027 hahuerit
746 968 783 1025 ut
795 979 874 1026 vera
883 968 1101 1025 sacramenta.
1113 951 1266 1026 Ceterum

159 1068 365 1156 recolantur,
380 1093 468 1167 quae
480 1067 580 1166 paulo
593 1083 670 1141 ante
682 1067 725 1140 de
738 1067 893 1166 hooipso
905 1066 1036 1141 decreto
1049 1068 1261 1166 scripsimus.

230 1182 356 1255 Eodem
381 1206 481 1280 porro
505 1182 624 1269 modo,
653 1207 720 1281 quo
742 1181 777 1254 in
794 1180 996 1256 sacerdotali
1021 1207 1157 1256 romano
1181 1181 1267 1256 dici-

160 1313 231 1368 tur:
255 1296 441 1369 «Sacerdos
456 1299 643 1396 pronunciet
660 1295 778 1381 norbo,
799 1322 883 1394 qnae
896 1311 972 1369 cont
985 1296 1091 1394 sonmo
1108 1297 1205 1369 hcine
1215 1322 1267 1369 eo-

160 1412 358 1497 crannonem
373 1438 530 1511 expresse
551 1411 685 1485 additur
700 1436 773 1483 cnm
789 1437 941 1484 consenso
958 1412 1125 1508 ntrineqno
1135 1439 1154 1498 ,r
1166 1427 1267 1510 atque

161 1525 285 1600 idcirco
302 1552 368 1599 uon
386 1525 458 1601 sola
476 1525 659 1615 sacerdotis
675 1526 796 1615 verba,
812 1551 927 1599 uerum
941 1528 1041 1600 etiam
1054 1526 1125 1615 illa,
1141 1527 1266 1625 quihus

161 1639 395 1715 contrahentes
413 1666 510 1714 suum
529 1639 733 1740 patefaciunt
749 1656 900 1713 mutuum
925 1665 1145 1727 consensum,
1166 1640 1269 1715 immo

154 1755 275 1854 potius
288 1755 354 1828 ista
368 1781 469 1855 quam
482 1754 557 1843 illa,
573 1780 661 1855 quae
678 1755 917 1854 superveniunt
938 1756 1005 1829 iam
1026 1756 1104 1830 dato
1126 1781 1269 1830 consen·

162 1870 216 1943 sui
229 1868 502 1970 complectuntur.
518 1869 667 1970 Cumque
684 1886 855 1969 praeterea
871 1870 1035 1945 addatur:
1060 1856 1271 1968 chesignata

162 1983 238 2082 die,
265 2010 333 2083 qua
357 1983 603 2056 matrimonium
629 1982 854 2057 celebrandum
870 1998 916 2057 est
928 2011 990 2083 per
1006 1985 1106 2058 cerba
1123 1984 1161 2057 de
1175 2011 1270 2083 proe-

162 2099 263 2183 senti,
277 2098 450 2179 uenientes
468 2097 512 2171 ad
533 2096 710 2172 ecelesiam
727 2123 874 2197 sponsus
888 2115 921 2172 et
938 2124 1084 2198 sponsa,
1113 2102 1173 2198 qui
1193 2115 1270 2172 sunt

161 2213 301 2287 moterlo
325 2212 421 2285 boine
445 2213 653 2297 sacramenti,
670 2228 753 2287 etse
767 2211 933 2286 sacerdoti
957 2228 1223 2311 praesentantes,
1238 2214 1269 2288 ei

161 2327 385 2411 ¹iuramentum
410 2327 569 2426 praebent
592 2343 686 2402 eto.»
710 2327 919 2427 Quapropter
943 2327 974 2400 si
997 2327 1117 2415 verba,
1145 2327 1270 2428 quibus

164 2440 399 2516 contrahentes
424 2442 613 2541 exprimunt
636 2468 856 2530 consensum,
875 2443 1082 2517 constituunt
1105 2442 1267 2533 formam,

164 2574 198 2629 et
221 2555 453 2630 contrahentes
475 2557 646 2630 materiam
662 2556 765 2630 huius
782 2557 1002 2645 sacramenti,
1023 2583 1084 2632 seu
1101 2555 1273 2656 applicant

166 2668 305 2743 lormam
322 2669 498 2757 materiae,
519 2670 647 2770 absque
663 2669 732 2744 ullo
750 2671 853 2745 dubio
870 2672 1074 2769 agnoscendi
1091 2688 1172 2747 sunt
1187 2687 1273 2746 tam-

166 2808 267 2882 quam
298 2784 454 2857 ministri.
478 2783 606 2858 Exinde
638 2785 791 2884 sequitur
815 2813 882 2861 non
907 2785 974 2860 alio
999 2813 1114 2860 sensu.
1128 2786 1272 2861 adducta

165 2898 268 2976 verba
289 2896 430 2995 intelligi
449 2924 569 2998 posse,
597 2925 698 2999 quam
722 2900 766 2974 iis
790 2899 994 2975 sacerdotem
1018 2916 1126 2975 ratum
1141 2900 1273 2976 hahere

160 3039 378 3101 consensum,
388 3039 455 3113 quo
468 3012 638 3112 perficitur
651 3029 907 3087 sacramentum.
917 3014 969 3088 >Eo
981 3013 1034 3088 vel
1046 3014 1169 3111 magis,
1181 3015 1272 3115 quod

168 3143 327 3226 congruat
339 3127 455 3203 titulus
468 3128 547 3202 huic
558 3128 658 3227 capiti
672 3129 706 3200 in
716 3128 918 3203 Sacerdotali
932 3154 1068 3204 romano
1082 3130 1269 3229 praefixus:

168 3243 216 3314 De
241 3244 459 3319 exhortatione
483 3259 514 3317 et
537 3243 753 3316 admonitione
777 3243 930 3342 faciendo
954 3270 1068 3343 sponso
1086 3257 1273 3344 'et-„sponsae

165 3382 227 3454 per
248 3357 463 3431 sacerdotem:
489 3373 520 3432 et
543 3358 582 3431 de
605 3359 711 3459 [ormo
736 3357 945 3431 contrahendi
958 3361 1221 3446 matrimonium,
1241 3375 1272 3433 et

169 3473 238 3544 eins
252 3470 475 3544 benedictione.
487 3470 617 3558 Quibus
628 3471 738 3546 verbis
750 3471 936 3545 benedictio
954 3471 1137 3547 sacerdotis
1150 3473 1273 3565 distin-

170 3586 282 3684 guitur
298 3612 318 3659 n
335 3586 441 3684 {ormo
458 3586 667 3660 contrahendi
680 3589 931 3661 matrimonium.
947 3588 1090 3677 Domum
1105 3587 1142 3662 in
1159 3605 1272 3688 poste-

170 3699 315 3774 rioribus
326 3699 534 3781 ¹editionibus
560 3717 636 3800 post
658 3701 775 3775 verba:
795 3702 866 3801 Ego
883 3729 939 3776 nos
956 3705 1113 3802 coninnqo
1132 3717 1191 3776 etc.
1213 3702 1274 3778 ad-

170 3814 278 3890 ditur:
305 3814 357 3888 cel
377 3814 458 3887 eliis
482 3829 593 3888 ntntnr
621 3817 825 3914 (sacerdos)
852 3817 957 3891 verbis
983 3819 1079 3892 inccta
1110 3833 1273 3917 receptum
1315 3904 1318 3909 ὁ

171 3921 421 4031 nninsom'nsqna
441 3932 627 4031 provinciae
651 3935 751 4006 ritum
766 3935 854 4030 (30).
870 3932 918 4010 De
935 3932 999 4009 hoo
1024 3949 1134 4015 autam
1159 3932 1273 4011 multi·

243 4083 293 4147 (to)
309 4083 372 4134 lbid.
383 4083 431 4135 ool.
442 4088 497 4136 ast.
505 4097 531 4134 n.
543 4091 564 4136 t..

243 4163 294 4227 (ao)
309 4163 346 4214 lta
356 4162 381 4212 ln
392 4161 497 4214 editione
504 4160 665 4216 sacerdotalis
677 4165 1163 4231 romaniveuet.1587.,quaedesumpta
1175 4165 1233 4216 sunt
1243 4177 1274 4214 ex

171 4243 276 4294 concilio
292 4243 432 4294 tridentino.
445 4244 508 4295 sane
525 4243 550 4294 ln
567 4244 928 4310 ed.venot.1555.perhtbetur
943 4246 1056 4299 sacerdos
1070 4246 1166 4297 dicens:
1180 4247 1216 4296 Bt
1226 4256 1272 4306 eno

170 4323 329 4373 onctomtote
338 4333 392 4387 nne
398 4321 501 4385 sunnon
511 4325 639 4388 conteneo
649 4336 695 4375 ooo
703 4323 941 4377 motrtmontottter.
