2872 5062
190 307 258 377 288
373 327 434 377 un.
455 327 478 376 1.
500 325 605 377 sacrro
622 325 751 376 aarum.
772 325 812 374 nr
833 325 963 376 uirum.
985 325 1090 376 auur.

186 446 271 520 tensi
304 445 448 519 comitiis
476 443 648 545 probanda
681 443 798 516 eadem
827 444 879 516 lex
912 446 1083 544 proposita
1116 445 1195 533 fuit,
1230 464 1283 520 ast

186 560 257 633 sive
281 560 404 632 exitum
429 557 557 632 nullum
588 558 725 646 habuit,
754 558 825 631 sive
849 559 1006 656 abrogata
1031 559 1281 655 1111111151]-

183 673 244 746 diu
261 674 294 745 in
315 700 416 771 regno
432 674 592 747 Bavariae
612 672 792 747 constituta
808 687 859 745 est
875 673 927 747 lex
944 672 987 745 de
1003 673 1093 746 civili
1110 675 1278 772 coniugio.

185 787 272 861 Alibi
299 788 416 861 saltem
434 789 477 860 ad
497 805 626 886 tempus
642 788 780 862 vetitum
798 787 860 859 fuit
876 788 940 859 sub
958 788 1116 885 gravibus
1142 790 1280 888 poenis,

184 931 227 978 ne
260 904 447 977 sacerdotes
481 903 688 975 matrimonio
720 903 894 999 iungerent
923 903 1064 990 fideles,
1100 920 1281 1002 antequam

184 1020 308 1120 scripto
332 1034 500 1093 constaret
526 1044 584 1092 eos
614 1043 724 1091 coram
753 1018 844 1091 civili
873 1019 1067 1116 magistratu
1097 1023 1282 1092 contraxis-

183 1160 220 1210 se
236 1139 300 1231 (2);
322 1161 409 1235 quae
432 1133 609 1233 dispositio
634 1132 758 1205 alicubi
784 1132 894 1204 adhuc
919 1133 1078 1231 perdurat
1093 1137 1155 1229 (3).

254 1250 304 1321 Ite
320 1249 439 1345 Anglia
459 1248 507 1319 nii
523 1249 652 1335 dicam,
682 1274 770 1347 quae
794 1247 923 1345 profani
949 1247 1151 1319 matrimonii
1164 1248 1279 1332 ,veluti

181 1363 364 1462 legislatrix
385 1365 544 1460 magistra
556 1379 619 1450 est,
639 1387 843 1462 quamquam
861 1362 942 1434 illud
960 1388 1021 1460 per
1038 1389 1075 1435 se
1093 1379 1202 1435 ratum
1220 1365 1275 1450 sit,

179 1505 283 1580 quum
308 1477 511 1578 publicamm
527 1477 574 1549 ibi
592 1504 658 1551 non
675 1476 774 1548 suerit
790 1476 1006 1548 tridentinum
1024 1476 1215 1549 concilium.

251 1593 453 1668 Hactenus
444 1621 478 1664 rn
503 1591 601 1665 ltalia
632 1591 877 1665 matrimonium
903 1617 993 1664 mere
1016 1591 1155 1665 civile
1146 1618 1278 1689 ignora·

178 1711 299 1784 batur:
328 1724 380 1782 at
393 1735 472 1782 vero
505 1714 613 1806 nuper
636 1707 671 1778 in
696 1705 885 1805 subalpinis
916 1707 959 1778 de
988 1706 1181 1780 huiusmodi
1206 1707 1278 1848 lege

180 1824 317 1900 ferenda
341 1840 451 1897 actum
477 1840 565 1896 est.

251 1943 320 2015 lam
337 1967 415 2015 vero
432 1940 514 2040 qnid
531 1940 574 2012 de
591 1940 676 2037 lege,
698 1965 785 2040 quae
808 1941 1056 2012 matrimonium
1072 1965 1165 2014 mere
1180 1941 1277 2014 ciuile

169 2057 311 2143 sancit,
339 2056 520 2129 dicendum
545 2055 591 2129 sit
606 2060 615 2139 ,’
641 2071 792 2153 postea,
812 2081 900 2154 quae
916 2055 959 2129 de
975 2055 1185 2131 matrimonio
1203 2056 1277 2154 ipso

174 2172 267 2247 civili
284 2172 446 2259 diximus,
476 2171 558 2244 satis
584 2186 686 2269 patet.
708 2172 803 2243 Nunc
825 2181 934 2243 tamen
959 2157 1209 2270 legemipsam‘
1227 2172 1276 2245 di-

176 2306 265 2363 recte
289 2287 648 2387 antiphilosophicam,
675 2303 708 2359 et
733 2273 987 2386 antipoliticam‚'
1009 2287 1077 2360 imo
1101 2287 1201 2360 etiam
1227 2304 1277 2387 ty·

167 2404 349 2476 manicam
373 2402 450 2476 esse
475 2401 670 2498 singillatim
695 2400 921 2473 demonstrare
944 2401 1201 2498 aggredimur„¹
1253 2450 1267 2481 .;

236 2514 334 2590 ¹Sane
358 2534 395 2591 ut
419 2544 439 2589 a
464 2516 582 2614 primis
608 2516 672 2589 hoc
697 2515 732 2586 in
757 2515 897 2589 articulo
916 2514 1144 2589 exordiamur:
1166 2516 1275 2590 Philo

175 2633 283 2731 sopho
299 2633 482 2706 absurdum
499 2632 605 2704 videri
622 2631 735 2718 debet,
757 2657 797 2704 ac
807 2642 922 2705 'motae
946 2658 1138 2731 repugnans
1149 2634 1273 2712 rationi

164 2742 324 2822 uordinem
341 2747 482 2820 idealem
501 2773 561 2820 seu
578 2747 689 2844 potius
709 2745 859 2819 fictitium
876 2758 952 2819 cum
964 2746 1045 2819 reali
1058 2747 1271 2845 permiscere,

164 2857 276 2964 idque
292 2881 330 2937 ut
346 2878 535 2936 concretum
562 2867 731 2961 spectare,
760 2861 850 2961 quod
875 2862 911 2935 in
936 2861 1009 2935 sola
1033 2861 1272 2962 eaque-‚iollam

171 2974 293 3053 mentis
317 2975 540 3050 abstractione
565 2977 729 3050 consistit.
746 2979 847 3051 Porro
872 2975 1025 3051 hodierni
1047 2977 1273 3077 pseudopoli

171 3096 230 3169 tici
238 3096 279 3166 in
293 3092 528 3194 promovendis
543 3093 801 3192 sanciendisque
814 3102 917 3190 penes
931 3091 1132 3169 christianos
1146 3093 1271 3193 nuptiis

165 3207 432 3310 pureciviiibus
457 3210 492 3280 in
517 3235 585 3282 uno
610 3208 793 3307 eodemque
818 3207 968 3282 subiecto
982 3207 1073 3282 'duas
1096 3208 1270 3307 qualitates

238 3493 279 3557 ,(1)
293 3492 392 3558 Deque
404 3496 501 3558 iegeitu
512 3496 550 3547 ab.
563 3499 693 3558 iiosquera
707 3495 780 3544 irater
795 3493 926 3544 venerandi
942 3492 1118 3555 archicpiscopi
1134 3492 1272 3556 bogotensis

168 3575 265 3639 scripsit
274 3574 300 3625 in
311 3587 350 3638 ep.
361 3575 392 3625 ad
404 3575 552 3627 itedactores
565 3578 674 3626 (intuere
685 3574 726 3624 die
738 3581 774 3625 11.
786 3562 891 3637 Augusti
909 3580 993 3625 itte.»
1006 3576 1071 3623 Ponr
1079 3584 1109 3623 ce
1117 3565 1164 3635 dni,
1173 3571 1271 3637 regardo

168 3656 193 3708 Ιι
203 3658 371 3707 monstiueuse
384 3655 419 3706 ioi
430 3656 467 3707 du
478 3661 596 3720 mariaco
609 3655 688 3716 ctotl,
705 3655 800 3705 donate
812 3668 842 3704 en
855 3661 922 3707 1853.
933 3653 978 3716 iiy
992 3667 1007 3704 a
1023 3652 1077 3714 dtjt
1088 3652 1270 3714 amelioratiom

168 3737 215 3789 cite
224 3751 239 3787 a
249 3737 287 3788 ete
298 3737 413 3802 abroges,
430 3739 455 3787 et
467 3738 575 3800 quotque
591 3737 615 3787 ia
632 3735 745 3787 nouvelle
757 3734 791 3785 loi
802 3735 874 3785 laissa
885 3747 972 3785 encore
982 3733 998 3782 t
1007 3733 1099 3800 desirer
1100 3732 1272 3796 ,aujourdhai

159 3808 259 3868 comm
272 3831 317 3881 par
327 3817 350 3868 ie
364 3817 434 3881 passe
443 3816 467 3867 ie
478 3817 584 3881 mariuge
593 3816 636 3867 des
648 3814 802 3879 cathoiiques
811 3814 911 3912 produit
920 3817 976 3865 tous
987 3813 1023 3864 ies
1031 3794 1102 3864 eiiets
1113 3812 1144 3864 de
1157 3812 1271 3864 1111511111

158 3892 476 3951 unianimitatem.

239 3977 274 4040 (i)
290 3976 345 4027 ita
337 3989 363 4025 ιιι
371 3976 460 4025 ducatu
473 3976 604 4026 mutinensi
615 3977 713 4026 cautum
725 3976 817 4038 iuerat;
825 3962 910 4025 verum
920 3950 1003 4024 mense
1013 3938 1145 4023 Novembr.
1153 3979 1222 4024 1555.
1232 3971 1269 4021 de·

165 4055 257 4105 cretum
268 4056 320 4117 cst
334 4055 362 4104 ut
382 4052 494 4116 deinceps
511 4053 643 4104 declaratio
659 4054 804 4118 praecedens
816 4051 965 4103 matrimonii
976 4064 1019 4115 per
1028 4052 1112 4102 actum
1125 4052 1205 4103 status
1214 4048 1269 4100 etri·

156 4135 196 4187 tis
209 4121 264 4186 unu
278 4133 383 4198 amptius
399 4133 535 4187 necmoria
544 4133 577 4184 stt
587 4135 643 4186 ante
656 4133 838 4189 matrimonium
857 4132 1005 4196 religiosum.
1018 4129 1076 4181 vid
1089 4130 1117 4182 11
1125 4140 1266 4194 mmucern

164 4212 355 4269 1111511111
430 4239 432 4246 ,

237 4292 272 4357 (t)
284 4294 318 4346 ut
326 4293 351 4344 in
360 4304 433 4358 regno
441 4291 601 4357 neopolitano.
