2872 5062
351 378 418 441 cra.
431 379 475 429 vr.
488 380 528 429 nn
545 379 645 432 rusnr.
667 380 779 432 corre.
797 383 835 432 ur
853 382 939 444 sicr.
952 383 1022 434 aar.
1034 384 1069 434 u.
1196 364 1266 435 tat

157 498 321 570 adnexam
350 523 371 570 a
400 497 534 573 Christo
567 500 634 598 ipsi
668 502 853 576 contractui
885 502 1059 589 mediate,
1104 527 1166 577 seu
1199 530 1269 580 me-

157 613 271 686 diante
295 612 527 687 denedictione
560 615 780 702 sacerdotali,
808 617 989 692 constituta
1014 644 1036 690 a
1060 617 1195 700 Christo
1218 620 1269 693 uti

157 727 264 801 forma
287 729 499 802 sacramenti.
526 730 663 830 Utrique
688 732 790 828 igitur
806 733 841 803 in
857 759 897 806 eo
914 733 1133 821 conveniunt,
1154 759 1269 808 sacra-

156 860 306 927 mentum
324 844 527 918 matrimonii
549 844 720 920 aChristo
742 846 928 920 institutum
953 848 1089 946 proprie
1105 873 1180 923 esse
1197 875 1270 924 ma·

156 957 349 1032 trimonium
380 959 493 1057 ipsum
518 985 684 1058 exurgens
708 988 749 1034 ex
773 978 964 1050 contractu,
992 964 1052 1062 qui
1073 962 1270 1064 suppeditat

155 1098 234 1146 esse
249 1073 366 1148 unioni
384 1075 551 1173 coniugali
574 1076 729 1149 referenti
754 1078 1021 1152 coniunctionem
1040 1078 1167 1153 Christi
1191 1105 1269 1153 cum

156 1188 317 1277 ecclesia,
343 1189 466 1289 cuique
483 1192 609 1292 placuit
627 1191 788 1266 Salvatori
813 1209 927 1267 nostro
952 1193 1128 1269 adnectere
1158 1220 1270 1268 sacre-

156 1304 262 1377 menti
290 1304 516 1402 dignitatem,
547 1307 698 1406 adeoque
726 1335 831 1381 unum
862 1309 1019 1412 idemque
1048 1308 1160 1382 effecit
1189 1335 1270 1384 oon·

157 1435 299 1493 tractum
328 1436 361 1494 et
389 1438 651 1509 sacramentum,
675 1423 722 1495 ita
751 1439 787 1496 ut
817 1424 1026 1500 abinvicem
1052 1423 1204 1523 separari
1229 1450 1270 1498 ac

156 1535 307 1634 dispesci
331 1551 500 1635 nequeant
522 1539 610 1632 (22).

227 1654 266 1729 ,3.
295 1652 458 1727 Probatur
480 1679 521 1730 ex
545 1653 622 1752 ipsa
646 1656 850 1728 matrimonii
876 1672 996 1730 natura
1018 1670 1117 1755 prout
1139 1654 1272 1753 exurgit

157 1792 197 1840 ex
223 1781 395 1841 contractu
420 1768 463 1840 ad
489 1766 685 1865 dignitatem
713 1771 914 1843 sacramenti
939 1796 959 1842 a
982 1769 1123 1844 Christo·
1140 1785 1265 1846 evecto.

156 1881 290 1955 Etenim
315 1897 505 1957 contractus
523 1899 556 1956 et
572 1900 818 1958 sacramentum
835 1885 883 1959 ita
899 1899 988 1958 arcte
1008 1901 1267 1972 connectuntur,

157 2012 196 2071 ut
211 2023 253 2069 ex
270 2014 412 2095 utroque
430 1997 531 2072 simul
550 2013 682 2096 sumpto
699 2024 805 2070 unum
824 1999 1072 2075 matrimonium
1091 1999 1265 2072 habeatur.

157 2111 332 2210 Siquidem
349 2113 611 2192 autcommunis
629 2113 815 2186 admittitur
832 2114 998 2186 sententia
1014 2113 1057 2185 de
1074 2112 1271 2187 contrahen-

158 2224 249 2301 tibus
275 2226 439 2305 ministris
465 2232 573 2327 (quae
591 2252 681 2300 nunc
693 2242 745 2300 est
759 2227 858 2301 unice
870 2230 990 2321 vera),
1013 2244 1071 2300 aut
1090 2226 1198 2325 magis
1216 2253 1271 2300 ar·

159 2341 245 2415 ridet
268 2343 433 2416 sententia
453 2343 496 2416 de
520 2342 673 2415 ministro
696 2342 879 2415 sacerdote.
908 2341 943 2411 Si
963 2342 1054 2439 prior
1074 2341 1271 2416 admittatur

159 2456 419 2543 sententiares
445 2456 544 2556 plane
569 2457 720 2530 conlecta
745 2472 812 2543 est,
835 2481 913 2529 cum
938 2482 1005 2530 non
1027 2455 1120 2530 aliud
1145 2456 1192 2531 sit
1215 2481 1272 2529 sa-

159 2587 382 2657 cramentum,
404 2598 507 2670 quam
527 2573 603 2670 ipse
621 2587 811 2648 contractus
833 2580 853 2644 a
875 2571 1034 2668 legitimis
1053 2571 1208 2671 personis
1225 2571 1272 2645 la-

160 2700 232 2758 ctus
257 2685 323 2759 sub
351 2687 475 2763 debitis
505 2686 754 2762 conditionibus
783 2687 931 2761 reserens
960 2687 1119 2760 unionem
1144 2686 1271 2761 Christi

162 2824 238 2878 cum
254 2800 414 2889 eeclesia,
435 2816 536 2901 atque
553 2803 617 2876 hac
634 2804 797 2876 decanea
816 2827 841 2873 a·
856 2802 990 2875 Christo
1008 2801 1116 2898 gratia
1132 2818 1268 2887 auctus,
1289 2885 1291 2888 Α

161 2929 275 3013 utpote
297 2917 433 3013 signum
452 2918 570 2991 efficax
591 2920 791 2993 constitutus
816 2917 969 2990 eiusdem
993 2917 1137 3013 gratiae;
1163 2930 1271 2990 atres

160 3031 260 3105 etiam
271 3031 400 3109 <clarior
416 3034 537 3111 evadit.
563 3035 598 3105 Si
617 3034 780 3132 posterior
795 3032 962 3105 ‘sententia
979 3030 1183 3104 adversariis
1199 3056 1272 3103 ma·

159 3146 211 3242 gie
237 3148 383 3246 placeat,
408 3164 486 3221 tunc
512 3164 756 3223 sacramentum
777 3164 829 3220 est
849 3147 939 3220 idem
960 3161 1167 3232 conbactuS,
1188 3171 1272 3244 quu-

160 3277 256 3337 tenu's
274 3288 336 3360 per
352 3263 492 3337 formam
510 3290 530 3336 a
547 3264 717 3338 sacerdote
735 3262 897 3361 prolatam
913 3261 1051 3333 materia
1066 3261 1103 3333 fit
1120 3261 1273 3359 proxima
1353 3356 1354 3359 Ἴ

161 3371 378 3466 sacramenti,
399 3379 468 3451 vim
486 3379 614 3452 habens
632 3406 672 3451 eu
689 3377 814 3451 Christi
832 3376 1040 3449 institutione
1064 3375 1272 3475 producendi

160 3492 317 3586 gratiam,
343 3520 404 3568 eeu
428 3510 480 3569 est
504 3494 592 3566 idem
617 3494 691 3593 ipse
715 3507 904 3566 contractus
923 3491 1153 3566 sanctificatus
1175 3491 1273 3565 abe-

160 3606 349 3683 nedictione
369 3609 581 3683 sacerdotali.
608 3610 695 3706 Ergo
715 3610 750 3681 in
770 3623 912 3707 utraque
932 3607 1111 3706 hypothesi
1132 3632 1272 3682 concur-

160 3738 454 3801 runteontractus
484 3741 517 3797 et
545 3740 788 3798 sacramentum
817 3738 988 3821 tamquam
1017 3722 1085 3795 duo
1114 3719 1272 3794 attributa

160 3836 263 3911 unius
288 3837 508 3938 eiusdemque
526 3839 575 3911 rei
593 3837 804 3925 efficiendae,
827 3863 913 3936 quae
935 3851 987 3909 est
1007 3834 1266 3909 matrimonium.

162 3949 373 4051 Quapmpter
396 3952 559 4052 distingui
577 3981 598 4026 a
616 3980 653 4027 se
678 3954 821 4028 invicem
846 3969 1016 4052 tamquam
1037 3977 1090 4024 res
1111 3977 1131 4026 a
1149 3975 1186 4023 re
1204 3973 1273 4021 am·

162 4065 249 4163 plius
275 4086 461 4168 nequeunt,
487 4096 526 4142 ao
552 4069 713 4168 separari.

234 4318 285 4380 (22)
301 4320 339 4368 cl.
352 4320 424 4369 card.
441 4319 524 4370 Gerdil
541 4320 588 4370 loc.
601 4320 642 4369 cit.
