2872 5062
335 418 404 467 car.
420 419 443 464 r.
460 418 499 466 ns
517 415 650 466 narnis.
667 416 780 465 civius
797 415 931 465 aaroni.
950 417 1019 464 rar.
1037 417 1085 465 ur.
1201 394 1268 464 sat

164 534 328 632 religiono
340 533 552 632 praescindi,
569 534 643 605 iura
655 533 767 605 omnia
780 531 941 604 ecclesiae
953 530 1165 630 pessumdat,
1181 560 1269 632 qaae

164 647 366 722 catholicum
389 647 516 720 clerum
542 648 742 733 insectatur,
770 672 857 746 quae
881 646 1035 718 licentiae
1060 647 1164 732 favet,
1194 675 1271 748 pro—

165 756 412 836 testantismum
438 756 626 861 promovet,
654 761 767 833 omnia
791 777 966 861 expectare
989 760 1078 833 licet.
1100 761 1270 860 Siquidem

161 877 290 978 optime
315 876 379 950 sibi
405 877 577 964 cohaeret,
606 894 706 976 atque
729 875 935 975 deplorabile
954 875 1069 948 ruinae
1085 902 1170 975 opus
1188 878 1270 950 satis

164 992 252 1064 bene
277 1008 430 1091 coeptum
457 992 672 1091 perficeretur
693 994 780 1087 (tt).

238 1109 341 1193 Sana,
364 1123 511 1206 recepta,
532 1133 633 1208 quam
651 1124 788 1193 vocant,
817 1106 968 1179 libertate
982 1094 1272 1209 cultuum‚'atque

162 1223 319 1296 libertate
348 1223 571 1297 conscientiae
603 1249 773 1296 unacum
811 1221 1075 1296 institutionibus
1107 1224 1271 1322 cuiusque

164 1354 276 1411 sectae
301 1338 446 1438 propriis
459 1366 481 1424 ,·
497 1337 714 1434 guberuium,
742 1337 830 1436 quod
847 1321 954 1433 legem
973 1337 1174 1411 matrimonii
1193 1364 1272 1414 oon-

161 1453 271 1526 stituit
295 1453 423 1541 civilis,
444 1453 473 1526 si
490 1453 668 1527 cohaerere
692 1452 758 1526 sibi
784 1452 882 1540 velit,
903 1468 1054 1527 coercere
1078 1455 1195 1553 nequit
1211 1480 1271 1552 po—

163 1569 366 1669 lygamiam,
402 1569 519 1642 saltem
553 1568 664 1669 quoad
699 1569 793 1655 illos,
823 1569 880 1667 qui
910 1595 984 1641 eam
1014 1569 1062 1640 uti
1092 1568 1271 1665 legitimam

163 1685 306 1772 babent,
336 1685 600 1785 profitenturque
618 1685 709 1757 iuxta
729 1684 890 1783 privatam
908 1683 1089 1757 bibliorum
1111 1682 1272 1784 interpre-

162 1800 332 1874 tationem.
353 1800 486 1873 Habent
510 1817 543 1874 et
567 1801 622 1874 isti
642 1826 738 1874 suam
757 1800 1027 1900 persuasionem,
1048 1825 1124 1887 seu,
1146 1815 1183 1872 ut
1205 1801 1270 1901 ipsi

161 1915 361 2015 loquuntur,
387 1917 620 1988 convictionem
634 1915 676 1987 de
694 1914 906 2014 polygamiae
924 1915 1098 1988 honestate
1114 1915 1214 1987 ctiam
1236 1916 1271 1986 in

162 2031 237 2128 lege
261 2029 463 2128 evangelica,
485 2031 611 2130 Ecquis
637 2029 672 2100 in
698 2045 880 2129 systemata
909 2029 1165 2128 protestantium
1199 2031 1271 2102 iure

163 2143 284 2244 poterit
308 2144 343 2215 in
369 2143 509 2216 dubium
535 2144 570 2216 id
596 2144 781 2217 revocare?

235 2258 445 2359 Quapropter
462 2260 508 2332 ita
519 2259 733 2332 vehementer
745 2283 811 2330 non
825 2257 937 2330 minus
950 2283 1051 2357 quam
1064 2257 1171 2355 logice
1184 2258 1273 2332 tion

160 2375 327 2462 monitae,
354 2401 418 2449 seu
442 2377 557 2448 Sancti
580 2375 826 2446 menstruorum
851 2372 993 2458 dnrmn,
1029 2375 1119 2472 quod
1152 2398 1271 2447 nomen

161 2491 230 2590 ipsi
256 2491 321 2564 sibi
347 2491 557 2576 adsciscunt,
578 2490 704 2590 quique
727 2505 805 2562 sunt
831 2489 1093 2587 protestantismi
1113 2488 1172 2561 filii
1191 2505 1273 2562 natu

159 2606 291 2679 minimi
308 2608 380 2702 (39)
395 2663 403 2694 ,
416 2605 577 2704 urgebant
589 2628 655 2679 non
668 2605 715 2678 ita
728 2604 859 2704 pridem
872 2621 1025 2679 senatum
1039 2607 1192 2679 Stanrum
1207 2605 1272 2679 loe

230 2817 283 2881 tas)
299 2819 386 2883 seipsa
398 2819 558 2870 Mormonitaa
568 2821 731 2885 polygamiae
742 2819 998 2886 ubiquadiitanduni3
1008 2835 1038 2872 sc
1047 2821 1202 2873 cinerescat
1211 2833 1275 2891 auae

162 2897 275 2959 leguntur
290 2899 314 2947 in
329 2899 413 2948 Diario
431 2901 539 2951 [Intuere
551 2909 589 2950 ut,
602 2901 658 2950 iulii
677 2909 744 2952 1856.
755 2904 908 2963 Mormoucs,
919 2903 961 2964 qui
973 2903 1095 2964 Augustae
1109 2901 1271 2953 Taurinorum

161 2977 262 3039 degunt,
274 2979 428 3028 collationem
439 2980 502 3028 iuter
513 2992 539 3029 se
550 2978 688 3030 habuerunt
700 2980 724 3030 in
735 2974 784 3044 qua
796 2981 921 3030 decretum
936 2984 985 3042 est,
1006 2981 1035 3030 ot
1052 2979 1194 3042 paradigma
1211 2980 1273 3042 legis

159 3058 273 3110 ministro
291 3061 358 3123 regio
376 3060 519 3121 offerretur,
530 3061 568 3110 uti
584 3061 608 3110 in
623 3074 687 3111 nova
704 3062 756 3124 iege
770 3062 927 3126 proponenda
940 3063 966 3111 et
981 3062 1021 3111 bic
1030 3061 1150 3112 articulus
1163 3074 1271 3124 eppone-

160 3139 228 3205 retur
239 3137 270 3187 de
282 3136 394 3201 ineundis
412 3137 531 3201 coniugiis
545 3140 614 3188 iusta
629 3139 777 3189 libertatem
793 3141 975 3202 wnscwnttuc,
987 3138 1097 3203 adeoque
1111 3140 1188 3202 ipsam
1198 3138 1272 3188 ettam

159 3216 322 3279 polygamiam
342 3215 466 3280 sectandi;
482 3220 571 3280 atquc,
583 3219 613 3266 ui
628 3216 719 3268 ibidem
736 3216 824 3280 iegitur
841 3217 952 3267 minister
963 3206 1271 3280 regiusbaidesepropem

156 3308 216 3346 sunt
234 3297 345 3359 praebuit
362 3297 394 3347 ad
415 3297 595 3349 mnosssionem
612 3296 734 3349 daumodi
752 3297 898 3349 taciendam.

232 3375 281 3439 (36)
298 3376 384 3439 Coepit
394 3377 453 3427 haec
464 3379 538 3438 meta,
550 3391 613 3440 quae
623 3376 1006 3429 vocaturEcctestcsanctcrnm
1014 3380 1213 3429 matutinorum
1223 3377 1273 3428 dic·

160 3468 221 3526 rum
234 3455 412 3520 (better-Dap
423 3457 526 3518 saints)
539 3454 579 3529 air
594 3464 659 3508 tuto.
672 3457 696 3506 in
711 3457 822 3507 Amerina
837 3458 1018 3521 septentrionali
1028 3472 1074 3522 ope
1083 3456 1270 3509 cuiusdam'ios.

155 3534 252 3597 smitb;
267 3537 477 3587 circumtantia
492 3537 636 3587 numerabat
652 3539 768 3601 ptttnptte
780 3534 875 3599 finctae
886 3551 928 3587 seu
943 3540 1086 3602 recimerem
1105 3550 1170 3588 anno
1189 3540 1270 3589 autem

159 3616 284 3686 tantiam
294 3615 425 3665 excedebat
434 3629 564 3666 numerum
579 3615 897 3686 tuouuetqpotidienora
907 3616 1146 3685 habetlncremeuta
1156 3617 1188 3667 iii
1199 3617 1271 3679 etiam
1341 3644 1344 3648 ·

159 3693 332 3742 Mormonitoe
344 3695 475 3757 nuncupati
494 3693 606 3743 acerrImi
622 3694 738 3744 ecelesiae
756 3694 890 3744 catholicae
909 3695 991 3744 bostes
1009 3695 1103 3758 tingunt
1120 3709 1146 3744 sc
1164 3709 1207 3759 per
1225 3698 1271 3744 Ga·

156 3769 259 3821 brisiam
278 3773 453 3836 archangelum
465 3787 557 3824 noram
575 3786 645 3824 suam
662 3775 836 3824 revelationem
848 3775 972 3838 accepisse
980 3774 1010 3824 ad
1023 3775 1099 3824 instar
1108 3774 1270 3824 nichomedis,

157 3851 323 3914 contemtum,
334 3853 433 3915 tibrum,
445 3855 470 3903 iu
481 3867 530 3915 quo
544 3853 590 3903 bac
603 3854 766 3905 revelationes
776 3855 947 3925 continentur,
968 3853 1147 3912 secernendum,
1161 3867 1214 3913 esse
1233 3868 1270 3905 se·

157 3927 206 3978 cris
216 3929 302 3980 Bibiiis
315 3932 403 3982 veteris
415 3946 443 3981 ac
454 3934 510 3981 novt
521 3933 669 3983 Testamenti
682 3946 760 3996 eaque
772 3935 902 3998 complere.
914 3922 1019 3984 Possunt
1031 3935 1056 3983 iri
1069 3935 1105 3982 tot
1113 3932 1202 3984 ducere
1212 3923 1270 3983 uro-

159 4020 198 4057 res
208 4013 271 4070 quot
281 4010 318 4060 eis
331 4023 434 4073 magnus
448 4011 557 4074 ipsorum
573 4012 690 4075 propbeta
704 4013 827 4076 indulget:
840 4013 964 4064 interdum
976 4021 1016 4064 to.
1026 4017 1069 4063 aut
1079 4021 1118 4064 tu.
1130 4026 1219 4063 uxores
1230 4015 1271 4063 ba·

156 4084 227 4150 bant,
242 4100 271 4137 ac
285 4087 417 4138 universim
433 4092 496 4152 quot
511 4090 576 4140 alere
591 4092 706 4154 pcssunt;
721 4093 869 4156 quandoque
885 4092 947 4142 duas
965 4093 1059 4141 ducunt
1073 4105 1182 4153 sorores,
1195 4092 1271 4142 immo

156 4168 260 4216 matrem
272 4181 301 4218 ac
313 4167 375 4218 duas
384 4167 455 4218 litias.
463 4169 557 4219 itabant
568 4183 626 4221 suos
636 4172 767 4234 apostolos,
776 4172 961 4237 quosinomnea
968 4172 1078 4235 regiam
1089 4172 1272 4222 mittuntttnos

156 4257 186 4294 er
193 4243 274 4296 hinad
284 4247 425 4309 subalpinos
433 4247 545 4310 pertenit
555 4254 588 4296 ac'
594 4248 729 4312 proselytos
739 4250 797 4300 iacit
808 4250 871 4301 inter
881 4251 1051 4314 protestantes.
1059 4251 1098 4300 ct.
1105 4253 1141 4300 De
1150 4251 1197 4300 bac
1205 4252 1271 4300 secta

158 4324 209 4374 Tne
220 4328 360 4386 Mormons,
370 4339 410 4388 or,
421 4329 576 4389 tutior-Dap
590 4320 678 4377 saints
683 4346 692 4388 ,·
707 4343 723 4378 n
739 4332 941 4393 contemperatae
958 4332 1073 4392 ittttorp,
1087 4329 1189 4380 Londou
1201 4329 1271 4378 office
