<?xml version="1.0" encoding="UTF-8"?>
<!DOCTYPE html PUBLIC "-//W3C//DTD XHTML 1.0 Transitional//EN"
    "http://www.w3.org/TR/xhtml1/DTD/xhtml1-transitional.dtd">
<html xmlns="http://www.w3.org/1999/xhtml" xml:lang="en" lang="en">
 <head>
  <title>
</title>
<meta http-equiv="Content-Type" content="text/html;charset=utf-8" />
  <meta name='ocr-system' content='tesseract 3.04.00' />
  <meta name='ocr-capabilities' content='ocr_page ocr_carea ocr_par ocr_line ocrx_word'/>
</head>
<body>
  <div class='ocr_page' id='page_1' title='image "./dematrimoniochr00perrgoog_0047.png"; bbox 0 0 2872 5062; ppageno 0'>
   <div class='ocr_carea' id='block_1_1' title="bbox 211 325 1218 394">
    <p class='ocr_par' dir='ltr' id='par_1_1' title="bbox 211 325 1218 394">
     <span class='ocr_line' id='line_1_1' title="bbox 211 325 1218 394; baseline -0.004 0"><span class='ocrx_word' id='word_1_1' title='bbox 211 325 256 394; x_wconf 73' lang='lat' dir='ltr'>ll</span> <span class='ocrx_word' id='word_1_2' title='bbox 403 345 720 394; x_wconf 71' lang='lat' dir='ltr'>mansuarios</span> <span class='ocrx_word' id='word_1_3' title='bbox 746 343 876 392; x_wconf 79' lang='lat' dir='ltr'>uurnru.</span> <span class='ocrx_word' id='word_1_4' title='bbox 899 343 1135 393; x_wconf 57' lang='lat' dir='ltr'>sncnrurnroJ</span> <span class='ocrx_word' id='word_1_5' title='bbox 1168 345 1174 353; x_wconf 85' lang='grc'><em>·</em></span> <span class='ocrx_word' id='word_1_6' title='bbox 1209 343 1218 381; x_wconf 73' lang='lat'>2</span> 
     </span>
    </p>
   </div>
   <div class='ocr_carea' id='block_1_2' title="bbox 201 461 1393 4025">
    <p class='ocr_par' dir='ltr' id='par_1_2' title="bbox 201 461 1393 4025">
     <span class='ocr_line' id='line_1_2' title="bbox 201 461 1328 561; baseline -0.004 -23"><span class='ocrx_word' id='word_1_7' title='bbox 201 461 554 561; x_wconf 65' lang='lat' dir='ltr'>qratiaejnubentibus</span> <span class='ocrx_word' id='word_1_8' title='bbox 572 489 593 534; x_wconf 88' lang='lat' dir='ltr'>a</span> <span class='ocrx_word' id='word_1_9' title='bbox 612 464 681 534; x_wconf 90' lang='lat' dir='ltr'>Deo</span> <span class='ocrx_word' id='word_1_10' title='bbox 701 462 800 534; x_wconf 82' lang='lat' dir='ltr'>datae</span> <span class='ocrx_word' id='word_1_11' title='bbox 816 461 868 533; x_wconf 87' lang='lat' dir='ltr'>vel</span> <span class='ocrx_word' id='word_1_12' title='bbox 891 461 1024 533; x_wconf 78' lang='lat' dir='ltr'>dandae&#39;</span> <span class='ocrx_word' id='word_1_13' title='bbox 1050 461 1087 533; x_wconf 88' lang='lat' dir='ltr'>lit</span> <span class='ocrx_word' id='word_1_14' title='bbox 1108 461 1233 534; x_wconf 89' lang='lat' dir='ltr'>mentio</span> <span class='ocrx_word' id='word_1_15' title='bbox 1260 489 1328 534; x_wconf 90' lang='lat' dir='ltr'>una</span> 
     </span>
     <span class='ocr_line' id='line_1_3' title="bbox 209 576 1325 678; baseline -0.003 -25"><span class='ocrx_word' id='word_1_16' title='bbox 209 605 286 653; x_wconf 91' lang='lat' dir='ltr'>cum</span> <span class='ocrx_word' id='word_1_17' title='bbox 309 581 392 653; x_wconf 65' lang='lat' dir='ltr'>&#39;voce</span> <span class='ocrx_word' id='word_1_18' title='bbox 421 580 495 678; x_wconf 87' lang='lat' dir='ltr'>ipsa</span> <span class='ocrx_word' id='word_1_19' title='bbox 520 579 731 661; x_wconf 78' lang='lat' dir='ltr'><strong><em>sacramenti,</em></strong></span> <span class='ocrx_word' id='word_1_20' title='bbox 760 576 813 650; x_wconf 84' lang='lat' dir='ltr'>vel</span> <span class='ocrx_word' id='word_1_21' title='bbox 835 591 942 650; x_wconf 88' lang='lat' dir='ltr'>aetate</span> <span class='ocrx_word' id='word_1_22' title='bbox 971 577 1046 674; x_wconf 92' lang='lat' dir='ltr'>ipsa</span> <span class='ocrx_word' id='word_1_23' title='bbox 1070 580 1205 649; x_wconf 79' lang='lat' dir='ltr'>eiurata</span> <span class='ocrx_word' id='word_1_24' title='bbox 1230 578 1325 664; x_wconf 83' lang='lat' dir='ltr'>aurit,</span> 
     </span>
     <span class='ocr_line' id='line_1_4' title="bbox 205 692 1326 796; baseline -0.004 -27"><span class='ocrx_word' id='word_1_25' title='bbox 205 723 278 796; x_wconf 88' lang='lat' dir='ltr'>qua</span> <span class='ocrx_word' id='word_1_26' title='bbox 304 697 413 794; x_wconf 90' lang='lat' dir='ltr'>coepit</span> <span class='ocrx_word' id='word_1_27' title='bbox 431 694 722 768; x_wconf 79' lang='lat' dir='ltr'>&#39;scholasticorum</span> <span class='ocrx_word' id='word_1_28' title='bbox 758 692 908 792; x_wconf 82' lang='lat' dir='ltr'>epocha,</span> <span class='ocrx_word' id='word_1_29' title='bbox 940 692 993 766; x_wconf 86' lang='lat' dir='ltr'>vel</span> <span class='ocrx_word' id='word_1_30' title='bbox 1028 692 1128 790; x_wconf 93' lang='lat' dir='ltr'>paulo</span> <span class='ocrx_word' id='word_1_31' title='bbox 1154 692 1326 767; x_wconf 80' lang='lat' dir='ltr'><strong>anteriori.</strong></span> 
     </span>
     <span class='ocr_line' id='line_1_5' title="bbox 211 808 1330 885; baseline 0 -2"><span class='ocrx_word' id='word_1_32' title='bbox 211 812 301 885; x_wconf 85' lang='lat' dir='ltr'>llaec</span> <span class='ocrx_word' id='word_1_33' title='bbox 315 827 426 884; x_wconf 88' lang='lat' dir='ltr'>autem</span> <span class='ocrx_word' id='word_1_34' title='bbox 441 837 517 883; x_wconf 91' lang='lat' dir='ltr'>cum</span> <span class='ocrx_word' id='word_1_35' title='bbox 532 826 785 882; x_wconf 82' lang='lat' dir='ltr'>asservarentur</span> <span class='ocrx_word' id='word_1_36' title='bbox 802 809 837 879; x_wconf 92' lang='lat' dir='ltr'>in</span> <span class='ocrx_word' id='word_1_37' title='bbox 856 809 1013 881; x_wconf 89' lang='lat' dir='ltr'>omnibus</span> <span class='ocrx_word' id='word_1_38' title='bbox 1031 808 1183 882; x_wconf 87' lang='lat' dir='ltr'>ecclesiis</span> <span class='ocrx_word' id='word_1_39' title='bbox 1201 835 1241 882; x_wconf 89' lang='lat' dir='ltr'>ac</span> <span class='ocrx_word' id='word_1_40' title='bbox 1258 835 1330 884; x_wconf 85' lang='lat' dir='ltr'>mo-</span> 
     </span>
     <span class='ocr_line' id='line_1_6' title="bbox 211 924 1331 1023; baseline -0.003 -23"><span class='ocrx_word' id='word_1_41' title='bbox 211 929 382 1014; x_wconf 89' lang='lat' dir='ltr'>nasteriis,</span> <span class='ocrx_word' id='word_1_42' title='bbox 412 944 446 999; x_wconf 90' lang='lat' dir='ltr'>et</span> <span class='ocrx_word' id='word_1_43' title='bbox 469 927 591 1023; x_wconf 81' lang='lat' dir='ltr'>iugiter</span> <span class='ocrx_word' id='word_1_44' title='bbox 615 924 871 1010; x_wconf 81' lang='lat' dir='ltr'>adhiberentur,</span> <span class='ocrx_word' id='word_1_45' title='bbox 905 924 999 996; x_wconf 91' lang='lat' dir='ltr'>nulla</span> <span class='ocrx_word' id='word_1_46' title='bbox 1023 925 1156 997; x_wconf 87' lang='lat' dir='ltr'>ratione.</span> <span class='ocrx_word' id='word_1_47' title='bbox 1175 941 1331 1023; x_wconf 77' lang='lat' dir='ltr'>poterant</span> 
     </span>
     <span class='ocr_line' id='line_1_7' title="bbox 209 1039 1330 1138; baseline -0.001 -24"><span class='ocrx_word' id='word_1_48' title='bbox 209 1042 532 1116; x_wconf 77' lang='lat' dir='ltr'>assscholastieorum</span> <span class='ocrx_word' id='word_1_49' title='bbox 558 1039 676 1111; x_wconf 89' lang='lat' dir='ltr'>notitia</span> <span class='ocrx_word' id='word_1_50' title='bbox 703 1039 860 1111; x_wconf 86' lang='lat' dir='ltr'><strong>subduci.</strong></span> <span class='ocrx_word' id='word_1_51' title='bbox 891 1040 1009 1138; x_wconf 90' lang='lat' dir='ltr'>ltaque</span> <span class='ocrx_word' id='word_1_52' title='bbox 1037 1040 1261 1138; x_wconf 82' lang='lat' dir='ltr'>exploratum:</span> <span class='ocrx_word' id='word_1_53' title='bbox 1277 1057 1330 1113; x_wconf 89' lang='lat' dir='ltr'>est</span> 
     </span>
     <span class='ocr_line' id='line_1_8' title="bbox 210 1136 1331 1261; baseline -0.002 -32"><span class='ocrx_word' id='word_1_54' title='bbox 210 1158 336 1256; x_wconf 91' lang='lat' dir='ltr'>optime</span> <span class='ocrx_word' id='word_1_55' title='bbox 362 1136 564 1261; x_wconf 84' lang='lat' dir='ltr'>compertam</span> <span class='ocrx_word' id='word_1_56' title='bbox 577 1162 581 1169; x_wconf 86' lang='lat'>&#39;</span> <span class='ocrx_word' id='word_1_57' title='bbox 594 1154 806 1228; x_wconf 86' lang='lat' dir='ltr'>scholasticis</span> <span class='ocrx_word' id='word_1_58' title='bbox 832 1153 947 1227; x_wconf 80' lang='lat' dir='ltr'>luisse</span> <span class='ocrx_word' id='word_1_59' title='bbox 962 1180 1076 1228; x_wconf 77' lang='lat' dir='ltr'>reram</span> <span class='ocrx_word' id='word_1_60' title='bbox 1100 1153 1276 1229; x_wconf 50' lang='lat' dir='ltr'>ecclesiae*</span> <span class='ocrx_word' id='word_1_61' title='bbox 1287 1155 1331 1227; x_wconf 92' lang='lat' dir='ltr'>de</span> 
     </span>
     <span class='ocr_line' id='line_1_9' title="bbox 209 1270 1330 1369; baseline 0.001 -24"><span class='ocrx_word' id='word_1_62' title='bbox 209 1278 419 1345; x_wconf 83' lang='lat' dir='ltr'>sacramento</span> <span class='ocrx_word' id='word_1_63' title='bbox 445 1271 647 1345; x_wconf 87' lang='lat' dir='ltr'>matrimonii</span> <span class='ocrx_word' id='word_1_64' title='bbox 668 1271 871 1356; x_wconf 83' lang='lat' dir='ltr'>doctrinam,</span> <span class='ocrx_word' id='word_1_65' title='bbox 893 1270 974 1369; x_wconf 80' lang='lat' dir='ltr'>quin</span> <span class='ocrx_word' id='word_1_66' title='bbox 993 1295 1133 1342; x_wconf 88' lang='lat' dir='ltr'>necesse</span> <span class='ocrx_word' id='word_1_67' title='bbox 1151 1271 1330 1368; x_wconf 76' lang='lat' dir='ltr'>ipsisslue-</span> 
     </span>
     <span class='ocr_line' id='line_1_10' title="bbox 202 1386 1326 1486; baseline 0.001 -26"><span class='ocrx_word' id='word_1_68' title='bbox 202 1389 252 1460; x_wconf 67' lang='lat' dir='ltr'>:rit</span> <span class='ocrx_word' id='word_1_69' title='bbox 276 1387 320 1459; x_wconf 90' lang='lat' dir='ltr'>ad</span> <span class='ocrx_word' id='word_1_70' title='bbox 345 1387 438 1460; x_wconf 93' lang='lat' dir='ltr'>illam</span> <span class='ocrx_word' id='word_1_71' title='bbox 469 1387 533 1459; x_wconf 91' lang='lat' dir='ltr'>sibi</span> <span class='ocrx_word' id='word_1_72' title='bbox 559 1386 833 1486; x_wconf 86' lang='lat' dir='ltr'>comparandam,</span> <span class='ocrx_word' id='word_1_73' title='bbox 862 1412 1032 1482; x_wconf 80' lang='lat' dir='ltr'>graecam,</span> <span class='ocrx_word' id='word_1_74' title='bbox 1062 1402 1119 1458; x_wconf 88' lang='lat' dir='ltr'>aut</span> <span class='ocrx_word' id='word_1_75' title='bbox 1146 1387 1326 1485; x_wconf 84' lang='lat' dir='ltr'>syriacam,</span> 
     </span>
     <span class='ocr_line' id='line_1_11' title="bbox 210 1501 1330 1600; baseline 0.003 -25"><span class='ocrx_word' id='word_1_76' title='bbox 210 1508 268 1576; x_wconf 83' lang='lat' dir='ltr'>aut</span> <span class='ocrx_word' id='word_1_77' title='bbox 291 1502 500 1576; x_wconf 90' lang='lat' dir='ltr'>chaldaicam</span> <span class='ocrx_word' id='word_1_78' title='bbox 525 1502 675 1600; x_wconf 82' lang='lat' dir='ltr'>linguam</span> <span class='ocrx_word' id='word_1_79' title='bbox 701 1502 893 1589; x_wconf 89' lang='lat' dir='ltr'>addiscere,</span> <span class='ocrx_word' id='word_1_80' title='bbox 921 1517 954 1574; x_wconf 92' lang='lat' dir='ltr'>et</span> <span class='ocrx_word' id='word_1_81' title='bbox 978 1501 1176 1600; x_wconf 76' lang='lat' dir='ltr'>euchologia</span> <span class='ocrx_word' id='word_1_82' title='bbox 1193 1529 1330 1600; x_wconf 80' lang='lat' dir='ltr'>graeco-</span> 
     </span>
     <span class='ocr_line' id='line_1_12' title="bbox 210 1617 1331 1718; baseline 0.004 -28"><span class='ocrx_word' id='word_1_83' title='bbox 210 1645 296 1705; x_wconf 89' lang='lat' dir='ltr'>rum,</span> <span class='ocrx_word' id='word_1_84' title='bbox 308 1622 370 1690; x_wconf 79' lang='lat' dir='ltr'>aut&#39;</span> <span class='ocrx_word' id='word_1_85' title='bbox 378 1619 587 1692; x_wconf 84' lang='lat' dir='ltr'>orientahum</span> <span class='ocrx_word' id='word_1_86' title='bbox 601 1617 787 1693; x_wconf 90' lang='lat' dir='ltr'>consulere.</span> <span class='ocrx_word' id='word_1_87' title='bbox 796 1617 954 1716; x_wconf 86' lang='lat' dir='ltr'>Adeoque</span> <span class='ocrx_word' id='word_1_88' title='bbox 967 1617 1010 1690; x_wconf 91' lang='lat' dir='ltr'>ad</span> <span class='ocrx_word' id='word_1_89' title='bbox 1023 1643 1082 1690; x_wconf 88' lang='lat' dir='ltr'>eos</span> <span class='ocrx_word' id='word_1_90' title='bbox 1094 1618 1197 1691; x_wconf 82' lang='lat' dir='ltr'>veluti</span> <span class='ocrx_word' id='word_1_91' title='bbox 1210 1619 1254 1692; x_wconf 91' lang='lat' dir='ltr'>ad</span> <span class='ocrx_word' id='word_1_92' title='bbox 1262 1646 1331 1718; x_wconf 83' lang='lat' dir='ltr'>ma·</span> 
     </span>
     <span class='ocr_line' id='line_1_13' title="bbox 202 1731 1327 1832; baseline 0.002 -28"><span class='ocrx_word' id='word_1_93' title='bbox 202 1738 289 1804; x_wconf 88' lang='lat' dir='ltr'>nuni</span> <span class='ocrx_word' id='word_1_94' title='bbox 308 1733 442 1806; x_wconf 87' lang='lat' dir='ltr'>devenit</span> <span class='ocrx_word' id='word_1_95' title='bbox 467 1733 616 1807; x_wconf 87' lang='lat' dir='ltr'>doctrina</span> <span class='ocrx_word' id='word_1_96' title='bbox 643 1747 775 1831; x_wconf 87' lang='lat' dir='ltr'>patrum</span> <span class='ocrx_word' id='word_1_97' title='bbox 788 1747 822 1805; x_wconf 89' lang='lat' dir='ltr'>et</span> <span class='ocrx_word' id='word_1_98' title='bbox 834 1731 996 1804; x_wconf 88' lang='lat' dir='ltr'>ecclesiae</span> <span class='ocrx_word' id='word_1_99' title='bbox 1013 1758 1134 1806; x_wconf 88' lang='lat' dir='ltr'>sensus</span> <span class='ocrx_word' id='word_1_100' title='bbox 1151 1748 1184 1806; x_wconf 91' lang='lat' dir='ltr'>et</span> <span class='ocrx_word' id='word_1_101' title='bbox 1201 1736 1327 1832; x_wconf 84' lang='lat' dir='ltr'>praxis.</span> 
     </span>
     <span class='ocr_line' id='line_1_14' title="bbox 206 1847 1328 1948; baseline 0 -25"><span class='ocrx_word' id='word_1_102' title='bbox 206 1914 209 1922; x_wconf 92' lang='lat'>.</span> <span class='ocrx_word' id='word_1_103' title='bbox 239 1858 265 1923; x_wconf 68' lang='lat' dir='ltr'>:J</span> <span class='ocrx_word' id='word_1_104' title='bbox 283 1850 378 1922; x_wconf 92' lang='lat' dir='ltr'>Nunc</span> <span class='ocrx_word' id='word_1_105' title='bbox 395 1849 428 1920; x_wconf 95' lang='lat' dir='ltr'>id</span> <span class='ocrx_word' id='word_1_106' title='bbox 447 1850 561 1948; x_wconf 90' lang='lat' dir='ltr'>ipsum</span> <span class='ocrx_word' id='word_1_107' title='bbox 587 1848 831 1922; x_wconf 85' lang='lat' dir='ltr'>ostendendum</span> <span class='ocrx_word' id='word_1_108' title='bbox 857 1863 909 1919; x_wconf 89' lang='lat' dir='ltr'>est</span> <span class='ocrx_word' id='word_1_109' title='bbox 925 1849 1143 1944; x_wconf 79' lang='lat' dir='ltr'>aposteriort&#39;,</span> <span class='ocrx_word' id='word_1_110' title='bbox 1164 1847 1275 1923; x_wconf 83' lang='lat' dir='ltr'>allatis&#39;</span> <span class='ocrx_word' id='word_1_111' title='bbox 1293 1851 1328 1922; x_wconf 91' lang='lat' dir='ltr'>in</span> 
     </span>
     <span class='ocr_line' id='line_1_15' title="bbox 209 1961 1330 2062; baseline -0.002 -25"><span class='ocrx_word' id='word_1_112' title='bbox 209 1963 358 2037; x_wconf 87' lang='lat' dir='ltr'>medium</span> <span class='ocrx_word' id='word_1_113' title='bbox 377 1963 501 2062; x_wconf 88' lang='lat' dir='ltr'>apertis</span> <span class='ocrx_word' id='word_1_114' title='bbox 519 1964 669 2061; x_wconf 89' lang='lat' dir='ltr'>ipsorum</span> <span class='ocrx_word' id='word_1_115' title='bbox 695 1962 913 2047; x_wconf 87' lang='lat' dir='ltr'>testimoniis,</span> <span class='ocrx_word' id='word_1_116' title='bbox 935 1962 1024 2061; x_wconf 93' lang='lat' dir='ltr'>quod</span> <span class='ocrx_word' id='word_1_117' title='bbox 1042 1962 1177 2061; x_wconf 91' lang='lat' dir='ltr'>quidem</span> <span class='ocrx_word' id='word_1_118' title='bbox 1195 1961 1259 2036; x_wconf 93' lang='lat' dir='ltr'>hoc</span> <span class='ocrx_word' id='word_1_119' title='bbox 1276 1972 1330 2037; x_wconf 89' lang='lat' dir='ltr'>or-</span> 
     </span>
     <span class='ocr_line' id='line_1_16' title="bbox 210 2077 1329 2181; baseline 0.002 -30"><span class='ocrx_word' id='word_1_120' title='bbox 210 2079 289 2164; x_wconf 92' lang='lat' dir='ltr'>dine</span> <span class='ocrx_word' id='word_1_121' title='bbox 302 2079 567 2178; x_wconf 77' lang='lat' dir='ltr'>praestabimus:</span> <span class='ocrx_word' id='word_1_122' title='bbox 585 2077 1102 2181; x_wconf 45' lang='lat' dir='ltr'>1.doctrinam‚s&#39;cholastioorum</span> <span class='ocrx_word' id='word_1_123' title='bbox 1115 2078 1204 2152; x_wconf 87' lang='lat' dir='ltr'>circa</span> <span class='ocrx_word' id='word_1_124' title='bbox 1217 2096 1329 2178; x_wconf 86' lang='lat' dir='ltr'>septa-</span> 
     </span>
     <span class='ocr_line' id='line_1_17' title="bbox 202 2195 1330 2294; baseline 0.001 -28"><span class='ocrx_word' id='word_1_125' title='bbox 202 2195 340 2293; x_wconf 62' lang='lat' dir='ltr'>icarium</span> <span class='ocrx_word' id='word_1_126' title='bbox 348 2199 638 2268; x_wconf 88' lang='lat' dir='ltr'>&#39;sacramentorum</span> <span class='ocrx_word' id='word_1_127' title='bbox 656 2220 831 2266; x_wconf 88' lang='lat' dir='ltr'>numerum</span> <span class='ocrx_word' id='word_1_128' title='bbox 855 2218 1039 2292; x_wconf 75' lang='lat' dir='ltr'>eorumque</span> <span class='ocrx_word' id='word_1_129' title='bbox 1056 2209 1210 2267; x_wconf 90' lang='lat' dir='ltr'>naturam</span> <span class='ocrx_word' id='word_1_130' title='bbox 1228 2220 1330 2294; x_wconf 86' lang='lat' dir='ltr'>expo·</span> 
     </span>
     <span class='ocr_line' id='line_1_18' title="bbox 211 2288 1329 2411; baseline -0.004 -26"><span class='ocrx_word' id='word_1_131' title='bbox 211 2288 345 2385; x_wconf 80' lang='lat' dir='ltr'>nemus:</span> <span class='ocrx_word' id='word_1_132' title='bbox 359 2311 393 2381; x_wconf 78' lang='lat'>2.</span> <span class='ocrx_word' id='word_1_133' title='bbox 406 2310 441 2380; x_wconf 91' lang='lat' dir='ltr'>in</span> <span class='ocrx_word' id='word_1_134' title='bbox 455 2308 648 2407; x_wconf 87' lang='lat' dir='ltr'>particulari</span> <span class='ocrx_word' id='word_1_135' title='bbox 663 2335 702 2381; x_wconf 88' lang='lat' dir='ltr'>ac</span> <span class='ocrx_word' id='word_1_136' title='bbox 715 2308 911 2411; x_wconf 83' lang='lat' dir='ltr'>nominatim</span> <span class='ocrx_word' id='word_1_137' title='bbox 924 2307 966 2379; x_wconf 90' lang='lat' dir='ltr'>de</span> <span class='ocrx_word' id='word_1_138' title='bbox 980 2306 1329 2406; x_wconf 79' lang='lat' dir='ltr'>christianoconiugio</span> 
     </span>
     <span class='ocr_line' id='line_1_19' title="bbox 210 2423 1325 2524; baseline 0.002 -28"><span class='ocrx_word' id='word_1_139' title='bbox 210 2425 378 2523; x_wconf 84' lang='lat' dir='ltr'>idipsum</span> <span class='ocrx_word' id='word_1_140' title='bbox 398 2425 601 2510; x_wconf 76' lang='lat' dir='ltr'>efficiemus3</span> <span class='ocrx_word' id='word_1_141' title='bbox 624 2450 691 2496; x_wconf 92' lang='lat' dir='ltr'>non</span> <span class='ocrx_word' id='word_1_142' title='bbox 717 2424 853 2524; x_wconf 92' lang='lat' dir='ltr'>quidem</span> <span class='ocrx_word' id='word_1_143' title='bbox 870 2424 1020 2496; x_wconf 91' lang='lat' dir='ltr'>omnium</span> <span class='ocrx_word' id='word_1_144' title='bbox 1038 2450 1078 2495; x_wconf 93' lang='lat' dir='ltr'>ac</span> <span class='ocrx_word' id='word_1_145' title='bbox 1096 2423 1325 2521; x_wconf 77' lang='lat' dir='ltr'>singulorum,</span> 
     </span>
     <span class='ocr_line' id='line_1_20' title="bbox 202 2539 1325 2639; baseline 0.004 -28"><span class='ocrx_word' id='word_1_146' title='bbox 202 2540 302 2638; x_wconf 88' lang='lat' dir='ltr'>-quod</span> <span class='ocrx_word' id='word_1_147' title='bbox 325 2540 426 2620; x_wconf 87' lang='lat' dir='ltr'>nimis</span> <span class='ocrx_word' id='word_1_148' title='bbox 448 2540 614 2638; x_wconf 79' lang='lat' dir='ltr'>probrum</span> <span class='ocrx_word' id='word_1_149' title='bbox 640 2566 679 2611; x_wconf 92' lang='lat' dir='ltr'>ao</span> <span class='ocrx_word' id='word_1_150' title='bbox 705 2539 823 2612; x_wconf 89' lang='lat' dir='ltr'>inutile</span> <span class='ocrx_word' id='word_1_151' title='bbox 847 2539 950 2630; x_wconf 80' lang='lat' dir='ltr'>soret,</span> <span class='ocrx_word' id='word_1_152' title='bbox 972 2539 1325 2639; x_wconf 84' lang='lat' dir='ltr'>sedpraecipuorum,</span> 
     </span>
     <span class='ocr_line' id='line_1_21' title="bbox 211 2653 1329 2754; baseline 0.002 -28"><span class='ocrx_word' id='word_1_153' title='bbox 211 2662 330 2754; x_wconf 83' lang='lat' dir='ltr'>eorum</span> <span class='ocrx_word' id='word_1_154' title='bbox 341 2655 538 2751; x_wconf 85' lang='lat' dir='ltr'>praesertim</span> <span class='ocrx_word' id='word_1_155' title='bbox 552 2655 609 2753; x_wconf 95' lang='lat' dir='ltr'>qui</span> <span class='ocrx_word' id='word_1_156' title='bbox 623 2653 688 2726; x_wconf 87' lang='lat' dir='ltr'>hac</span> <span class='ocrx_word' id='word_1_157' title='bbox 703 2655 738 2725; x_wconf 91' lang='lat' dir='ltr'>in</span> <span class='ocrx_word' id='word_1_158' title='bbox 751 2680 787 2753; x_wconf 95' lang='lat' dir='ltr'>re</span> <span class='ocrx_word' id='word_1_159' title='bbox 799 2655 1035 2752; x_wconf 90' lang='lat' dir='ltr'>quoquomodo</span> <span class='ocrx_word' id='word_1_160' title='bbox 1045 2681 1150 2729; x_wconf 87' lang='lat' dir='ltr'>avero</span> <span class='ocrx_word' id='word_1_161' title='bbox 1160 2655 1329 2733; x_wconf 84' lang='lat' dir='ltr'>ablusisse</span> 
     </span>
     <span class='ocr_line' id='line_1_22' title="bbox 208 2768 1329 2868; baseline 0.004 -27"><span class='ocrx_word' id='word_1_162' title='bbox 208 2768 452 2866; x_wconf 78' lang='lat' dir='ltr'>perhibentur,</span> <span class='ocrx_word' id='word_1_163' title='bbox 468 2795 488 2841; x_wconf 89' lang='lat' dir='ltr'>a</span> <span class='ocrx_word' id='word_1_164' title='bbox 506 2769 728 2843; x_wconf 85' lang='lat' dir='ltr'>scholasticae</span> <span class='ocrx_word' id='word_1_165' title='bbox 753 2770 945 2868; x_wconf 91' lang='lat' dir='ltr'>primordiis</span> <span class='ocrx_word' id='word_1_166' title='bbox 968 2770 1010 2842; x_wconf 92' lang='lat' dir='ltr'>ad</span> <span class='ocrx_word' id='word_1_167' title='bbox 1034 2772 1166 2844; x_wconf 91' lang='lat' dir='ltr'>Petrum</span> <span class='ocrx_word' id='word_1_168' title='bbox 1184 2771 1329 2845; x_wconf 88' lang='lat' dir='ltr'>Paluda-</span> 
     </span>
     <span class='ocr_line' id='line_1_23' title="bbox 211 2883 1329 2989; baseline 0.007 -36"><span class='ocrx_word' id='word_1_169' title='bbox 211 2910 292 2956; x_wconf 88' lang='lat' dir='ltr'>num</span> <span class='ocrx_word' id='word_1_170' title='bbox 318 2909 428 2982; x_wconf 88' lang='lat' dir='ltr'>usque</span> <span class='ocrx_word' id='word_1_171' title='bbox 453 2883 644 2956; x_wconf 89' lang='lat' dir='ltr'>testimonia</span> <span class='ocrx_word' id='word_1_172' title='bbox 669 2883 796 2984; x_wconf 90' lang='lat' dir='ltr'>aliquot</span> <span class='ocrx_word' id='word_1_173' title='bbox 820 2886 968 2982; x_wconf 80' lang='lat' dir='ltr'>insignia</span> <span class='ocrx_word' id='word_1_174' title='bbox 992 2886 1236 2989; x_wconf 85' lang='lat' dir='ltr'>describemus.</span> <span class='ocrx_word' id='word_1_175' title='bbox 1258 2887 1329 2961; x_wconf 86' lang='lat' dir='ltr'>Hac</span> 
     </span>
     <span class='ocr_line' id='line_1_24' title="bbox 207 2997 1369 3099; baseline 0.007 -30"><span class='ocrx_word' id='word_1_176' title='bbox 207 2998 346 3077; x_wconf 74' lang='lat' dir='ltr'>srationej</span> <span class='ocrx_word' id='word_1_177' title='bbox 356 2997 457 3071; x_wconf 88' lang='lat' dir='ltr'>veluti</span> <span class='ocrx_word' id='word_1_178' title='bbox 477 2997 520 3072; x_wconf 95' lang='lat' dir='ltr'>ob</span> <span class='ocrx_word' id='word_1_179' title='bbox 537 2997 652 3072; x_wconf 88' lang='lat' dir='ltr'>oculos</span> <span class='ocrx_word' id='word_1_180' title='bbox 665 3000 700 3070; x_wconf 91' lang='lat' dir='ltr'>in</span> <span class='ocrx_word' id='word_1_181' title='bbox 714 2998 828 3074; x_wconf 89' lang='lat' dir='ltr'>tabula</span> <span class='ocrx_word' id='word_1_182' title='bbox 849 3000 1126 3074; x_wconf 88' lang='lat' dir='ltr'>scholasticorum</span> <span class='ocrx_word' id='word_1_183' title='bbox 1143 3002 1328 3099; x_wconf 85' lang='lat' dir='ltr'>doctrinam</span> <span class='ocrx_word' id='word_1_184' title='bbox 1365 3017 1369 3025; x_wconf 86' lang='grc'><em>’</em></span> 
     </span>
     <span class='ocr_line' id='line_1_25' title="bbox 209 3113 1330 3212; baseline 0.004 -27"><span class='ocrx_word' id='word_1_185' title='bbox 209 3128 242 3185; x_wconf 92' lang='lat' dir='ltr'>et</span> <span class='ocrx_word' id='word_1_186' title='bbox 260 3113 448 3187; x_wconf 89' lang='lat' dir='ltr'>traditionis</span> <span class='ocrx_word' id='word_1_187' title='bbox 474 3113 753 3208; x_wconf 87' lang='lat' dir='ltr'>continuationem</span> <span class='ocrx_word' id='word_1_188' title='bbox 776 3141 796 3186; x_wconf 91' lang='lat' dir='ltr'>a</span> <span class='ocrx_word' id='word_1_189' title='bbox 816 3114 968 3212; x_wconf 92' lang='lat' dir='ltr'>patribus</span> <span class='ocrx_word' id='word_1_190' title='bbox 990 3115 1169 3189; x_wconf 89' lang='lat' dir='ltr'>deductam</span> <span class='ocrx_word' id='word_1_191' title='bbox 1188 3116 1330 3191; x_wconf 88' lang='lat' dir='ltr'>habebi·</span> 
     </span>
     <span class='ocr_line' id='line_1_26' title="bbox 211 3228 1393 3327; baseline 0.008 -28"><span class='ocrx_word' id='word_1_192' title='bbox 211 3254 287 3299; x_wconf 89' lang='lat' dir='ltr'>mus</span> <span class='ocrx_word' id='word_1_193' title='bbox 312 3254 422 3327; x_wconf 87' lang='lat' dir='ltr'>usque</span> <span class='ocrx_word' id='word_1_194' title='bbox 447 3228 690 3302; x_wconf 85' lang='lat' dir='ltr'>ad&#39;dimidium</span> <span class='ocrx_word' id='word_1_195' title='bbox 716 3230 784 3303; x_wconf 84' lang='lat' dir='ltr'>lere</span> <span class='ocrx_word' id='word_1_196' title='bbox 811 3255 879 3304; x_wconf 85' lang='lat' dir='ltr'>sec.</span> <span class='ocrx_word' id='word_1_197' title='bbox 900 3231 984 3302; x_wconf 87' lang='lat' dir='ltr'>XIV.</span> <span class='ocrx_word' id='word_1_198' title='bbox 1009 3234 1098 3327; x_wconf 72' lang='lat'><strong>(72).</strong></span> <span class='ocrx_word' id='word_1_199' title='bbox 1136 3300 1138 3305; x_wconf 88' lang='grc'><em>,</em></span> <span class='ocrx_word' id='word_1_200' title='bbox 1189 3273 1190 3276; x_wconf 37' lang='grc'><strong>“</strong></span> <span class='ocrx_word' id='word_1_201' title='bbox 1247 3246 1251 3290; x_wconf 86' lang='lat'>;</span> <span class='ocrx_word' id='word_1_202' title='bbox 1288 3272 1293 3309; x_wconf 91' lang='grc'>;</span> <span class='ocrx_word' id='word_1_203' title='bbox 1392 3239 1393 3242; x_wconf 63' lang='grc'>’</span> 
     </span>
     <span class='ocr_line' id='line_1_27' title="bbox 204 3327 1324 3444; baseline 0.008 -31"><span class='ocrx_word' id='word_1_204' title='bbox 204 3385 209 3402; x_wconf 58' lang='grc' dir='ltr'><em>ι</em></span> <span class='ocrx_word' id='word_1_205' title='bbox 285 3327 402 3441; x_wconf 71' lang='lat' dir='ltr'>ltaque</span> <span class='ocrx_word' id='word_1_206' title='bbox 423 3343 552 3441; x_wconf 90' lang='lat' dir='ltr'>primus</span> <span class='ocrx_word' id='word_1_207' title='bbox 579 3346 636 3444; x_wconf 89' lang='lat' dir='ltr'>qui</span> <span class='ocrx_word' id='word_1_208' title='bbox 663 3356 739 3418; x_wconf 87' lang='lat' dir='ltr'>sese</span> <span class='ocrx_word' id='word_1_209' title='bbox 764 3345 860 3418; x_wconf 85' lang='lat' dir='ltr'>offert</span> <span class='ocrx_word' id='word_1_210' title='bbox 884 3362 936 3419; x_wconf 90' lang='lat' dir='ltr'>est</span> <span class='ocrx_word' id='word_1_211' title='bbox 960 3347 1057 3444; x_wconf 86' lang='lat' dir='ltr'>Hugo</span> <span class='ocrx_word' id='word_1_212' title='bbox 1082 3374 1103 3419; x_wconf 92' lang='lat' dir='ltr'>a</span> <span class='ocrx_word' id='word_1_213' title='bbox 1128 3374 1156 3420; x_wconf 87' lang='lat' dir='ltr'>s.</span> <span class='ocrx_word' id='word_1_214' title='bbox 1178 3349 1324 3438; x_wconf 83' lang='lat' dir='ltr'>Victore,</span> 
     </span>
     <span class='ocr_line' id='line_1_28' title="bbox 211 3440 1323 3563; baseline 0.008 -36"><span class='ocrx_word' id='word_1_215' title='bbox 211 3458 269 3555; x_wconf 93' lang='lat' dir='ltr'>qui</span> <span class='ocrx_word' id='word_1_216' title='bbox 287 3440 480 3556; x_wconf 44' lang='lat' dir='ltr'>&#39;praecessit</span> <span class='ocrx_word' id='word_1_217' title='bbox 505 3475 612 3531; x_wconf 90' lang='lat' dir='ltr'>aetate</span> <span class='ocrx_word' id='word_1_218' title='bbox 638 3487 667 3532; x_wconf 93' lang='lat' dir='ltr'>s.</span> <span class='ocrx_word' id='word_1_219' title='bbox 688 3449 892 3532; x_wconf 89' lang='lat' dir='ltr'>Bernardum</span> <span class='ocrx_word' id='word_1_220' title='bbox 914 3463 1001 3558; x_wconf 79' lang='lat'><strong>(73).</strong></span> <span class='ocrx_word' id='word_1_221' title='bbox 1019 3462 1082 3534; x_wconf 82' lang='lat' dir='ltr'>llic</span> <span class='ocrx_word' id='word_1_222' title='bbox 1100 3488 1198 3561; x_wconf 93' lang='lat' dir='ltr'>porro</span> <span class='ocrx_word' id='word_1_223' title='bbox 1214 3465 1250 3535; x_wconf 91' lang='lat' dir='ltr'>in</span> <span class='ocrx_word' id='word_1_224' title='bbox 1267 3490 1323 3563; x_wconf 86' lang='lat' dir='ltr'>op.</span> 
     </span>
     <span class='ocr_line' id='line_1_29' title="bbox 210 3573 1329 3678; baseline 0.01 -36"><span class='ocrx_word' id='word_1_225' title='bbox 210 3573 372 3672; x_wconf 87' lang='lat' dir='ltr'>inscripto</span> <span class='ocrx_word' id='word_1_226' title='bbox 397 3574 603 3647; x_wconf 79' lang='lat' dir='ltr'>Erudt&#39;tt&#39;ont&#39;s</span> <span class='ocrx_word' id='word_1_227' title='bbox 633 3577 840 3673; x_wconf 79' lang='lat' dir='ltr'>Theoloqt‘cae</span> <span class='ocrx_word' id='word_1_228' title='bbox 857 3577 892 3648; x_wconf 92' lang='lat' dir='ltr'>in</span> <span class='ocrx_word' id='word_1_229' title='bbox 910 3594 1005 3650; x_wconf 89' lang='lat' dir='ltr'>tract.</span> <span class='ocrx_word' id='word_1_230' title='bbox 1032 3579 1084 3649; x_wconf 91' lang='lat' dir='ltr'>lV.</span> <span class='ocrx_word' id='word_1_231' title='bbox 1107 3605 1181 3677; x_wconf 89' lang='lat' dir='ltr'>cap.</span> <span class='ocrx_word' id='word_1_232' title='bbox 1208 3581 1234 3651; x_wconf 93' lang='lat' dir='ltr'>l.</span> <span class='ocrx_word' id='word_1_233' title='bbox 1260 3582 1329 3678; x_wconf 81' lang='lat' dir='ltr'>agit</span> 
     </span>
     <span class='ocr_line' id='line_1_30' title="bbox 210 3684 1324 3793; baseline 0.01 -35"><span class='ocrx_word' id='word_1_234' title='bbox 210 3688 259 3758; x_wconf 79' lang='lat' dir='ltr'>lte</span> <span class='ocrx_word' id='word_1_235' title='bbox 282 3693 493 3761; x_wconf 82' lang='lat' dir='ltr'>sacramentis</span> <span class='ocrx_word' id='word_1_236' title='bbox 511 3691 724 3787; x_wconf 65' lang='lat' dir='ltr'>inponendi,</span> <span class='ocrx_word' id='word_1_237' title='bbox 754 3693 992 3791; x_wconf 89' lang='lat' dir='ltr'>constituitque</span> <span class='ocrx_word' id='word_1_238' title='bbox 1017 3721 1055 3766; x_wconf 91' lang='lat' dir='ltr'>ea</span> <span class='ocrx_word' id='word_1_239' title='bbox 1082 3684 1209 3793; x_wconf 87' lang='lat' dir='ltr'>septem</span> <span class='ocrx_word' id='word_1_240' title='bbox 1235 3721 1324 3780; x_wconf 89' lang='lat' dir='ltr'>esse,</span> 
     </span>
     <span class='ocr_line' id='line_1_31' title="bbox 207 3803 1327 3904; baseline 0.009 -30"><span class='ocrx_word' id='word_1_241' title='bbox 207 3803 253 3900; x_wconf 1' lang='lat' dir='ltr'>,de</span> <span class='ocrx_word' id='word_1_242' title='bbox 278 3804 402 3902; x_wconf 90' lang='lat' dir='ltr'>quibus</span> <span class='ocrx_word' id='word_1_243' title='bbox 429 3805 621 3902; x_wconf 79' lang='lat' dir='ltr'>singillatim</span> <span class='ocrx_word' id='word_1_244' title='bbox 649 3822 827 3904; x_wconf 85' lang='lat' dir='ltr'>pertractat</span> <span class='ocrx_word' id='word_1_245' title='bbox 851 3826 921 3880; x_wconf 88' lang='lat' dir='ltr'>turn</span> <span class='ocrx_word' id='word_1_246' title='bbox 947 3809 981 3881; x_wconf 89' lang='lat' dir='ltr'>iu</span> <span class='ocrx_word' id='word_1_247' title='bbox 1007 3810 1073 3900; x_wconf 16' lang='lat' dir='ltr'>hoc,</span> <span class='ocrx_word' id='word_1_248' title='bbox 1097 3826 1167 3882; x_wconf 92' lang='lat' dir='ltr'>tum</span> <span class='ocrx_word' id='word_1_249' title='bbox 1185 3810 1220 3882; x_wconf 95' lang='lat' dir='ltr'>in</span> <span class='ocrx_word' id='word_1_250' title='bbox 1236 3810 1327 3884; x_wconf 88' lang='lat' dir='ltr'>inse-</span> 
     </span>
     <span class='ocr_line' id='line_1_32' title="bbox 211 3921 1327 4025; baseline 0.004 -34"><span class='ocrx_word' id='word_1_251' title='bbox 211 3921 391 4017; x_wconf 91' lang='lat' dir='ltr'>quentibus</span> <span class='ocrx_word' id='word_1_252' title='bbox 417 3921 628 4008; x_wconf 51' lang='lat' dir='ltr'>tractatibus</span> <span class='ocrx_word' id='word_1_253' title='bbox 659 3949 721 3996; x_wconf 91' lang='lat' dir='ltr'>nec</span> <span class='ocrx_word' id='word_1_254' title='bbox 747 3949 814 3996; x_wconf 93' lang='lat' dir='ltr'>non</span> <span class='ocrx_word' id='word_1_255' title='bbox 840 3925 874 3994; x_wconf 94' lang='lat' dir='ltr'>in</span> <span class='ocrx_word' id='word_1_256' title='bbox 900 3924 1003 3997; x_wconf 92' lang='lat' dir='ltr'>altero</span> <span class='ocrx_word' id='word_1_257' title='bbox 1028 3940 1086 4025; x_wconf 86' lang='lat' dir='ltr'>op&#39;</span> <span class='ocrx_word' id='word_1_258' title='bbox 1101 3926 1192 4024; x_wconf 92' lang='lat' dir='ltr'>quod</span> <span class='ocrx_word' id='word_1_259' title='bbox 1210 3942 1262 3998; x_wconf 83' lang='lat' dir='ltr'>ost</span> <span class='ocrx_word' id='word_1_260' title='bbox 1278 3926 1327 3996; x_wconf 76' lang='lat' dir='ltr'>lle</span> 
     </span>
    </p>
   </div>
   <div class='ocr_carea' id='block_1_3' title="bbox 210 4146 1327 4369">
    <p class='ocr_par' dir='ltr' id='par_1_3' title="bbox 210 4146 1327 4369">
     <span class='ocr_line' id='line_1_33' title="bbox 284 4146 1294 4212; baseline 0 -16"><span class='ocrx_word' id='word_1_261' title='bbox 284 4146 334 4209; x_wconf 74' lang='lat'>(72)</span> <span class='ocrx_word' id='word_1_262' title='bbox 350 4147 397 4196; x_wconf 80' lang='lat' dir='ltr'>Hic</span> <span class='ocrx_word' id='word_1_263' title='bbox 408 4147 474 4197; x_wconf 88' lang='lat' dir='ltr'>enirn</span> <span class='ocrx_word' id='word_1_264' title='bbox 487 4147 543 4210; x_wconf 84' lang='lat' dir='ltr'>pius</span> <span class='ocrx_word' id='word_1_265' title='bbox 553 4147 703 4211; x_wconf 83' lang='lat' dir='ltr'>insignisque</span> <span class='ocrx_word' id='word_1_266' title='bbox 719 4148 847 4212; x_wconf 82' lang='lat' dir='ltr'>theologus</span> <span class='ocrx_word' id='word_1_267' title='bbox 862 4151 891 4197; x_wconf 87' lang='lat'>0.</span> <span class='ocrx_word' id='word_1_268' title='bbox 903 4150 932 4198; x_wconf 84' lang='grc' dir='ltr'>Ρ.</span> <span class='ocrx_word' id='word_1_269' title='bbox 944 4147 996 4198; x_wconf 85' lang='lat' dir='ltr'>vita</span> <span class='ocrx_word' id='word_1_270' title='bbox 1005 4147 1104 4198; x_wconf 81' lang='lat' dir='ltr'>turcus</span> <span class='ocrx_word' id='word_1_271' title='bbox 1118 4150 1156 4198; x_wconf 89' lang='lat' dir='ltr'>est</span> <span class='ocrx_word' id='word_1_272' title='bbox 1170 4161 1211 4197; x_wconf 87' lang='lat' dir='ltr'>an.</span> <span class='ocrx_word' id='word_1_273' title='bbox 1225 4152 1294 4199; x_wconf 73' lang='lat'><strong>1³42.</strong></span> 
     </span>
     <span class='ocr_line' id='line_1_34' title="bbox 282 4225 1327 4292; baseline 0.004 -17"><span class='ocrx_word' id='word_1_274' title='bbox 282 4225 332 4289; x_wconf 83' lang='lat'>(7³)</span> <span class='ocrx_word' id='word_1_275' title='bbox 347 4229 409 4277; x_wconf 84' lang='lat' dir='ltr'>Nam</span> <span class='ocrx_word' id='word_1_276' title='bbox 424 4229 496 4290; x_wconf 76' lang='lat' dir='ltr'>liugn</span> <span class='ocrx_word' id='word_1_277' title='bbox 509 4227 652 4278; x_wconf 84' lang='lat' dir='ltr'>Victorinus</span> <span class='ocrx_word' id='word_1_278' title='bbox 667 4229 804 4278; x_wconf 77' lang='lat' dir='ltr'>extremum</span> <span class='ocrx_word' id='word_1_279' title='bbox 822 4227 887 4278; x_wconf 88' lang='lat' dir='ltr'>diem</span> <span class='ocrx_word' id='word_1_280' title='bbox 907 4227 995 4277; x_wconf 85' lang='lat' dir='ltr'>clausit</span> <span class='ocrx_word' id='word_1_281' title='bbox 1013 4227 1054 4276; x_wconf 88' lang='lat' dir='ltr'>die</span> <span class='ocrx_word' id='word_1_282' title='bbox 1067 4235 1104 4280; x_wconf 85' lang='lat' dir='ltr'>rt.</span> <span class='ocrx_word' id='word_1_283' title='bbox 1120 4227 1180 4278; x_wconf 78' lang='lat' dir='ltr'>febr.</span> <span class='ocrx_word' id='word_1_284' title='bbox 1192 4241 1232 4278; x_wconf 90' lang='lat' dir='ltr'>an.</span> <span class='ocrx_word' id='word_1_285' title='bbox 1247 4232 1327 4292; x_wconf 82' lang='lat' dir='ltr'>ttto;</span> 
     </span>
     <span class='ocr_line' id='line_1_35' title="bbox 210 4305 749 4369; baseline 0.009 -17"><span class='ocrx_word' id='word_1_286' title='bbox 210 4317 230 4353; x_wconf 85' lang='lat' dir='ltr'>s.</span> <span class='ocrx_word' id='word_1_287' title='bbox 243 4315 303 4353; x_wconf 85' lang='lat' dir='ltr'>vero</span> <span class='ocrx_word' id='word_1_288' title='bbox 319 4305 456 4356; x_wconf 83' lang='lat' dir='ltr'>Bernardus</span> <span class='ocrx_word' id='word_1_289' title='bbox 472 4305 512 4355; x_wconf 82' lang='lat' dir='ltr'>die</span> <span class='ocrx_word' id='word_1_290' title='bbox 523 4312 561 4357; x_wconf 77' lang='lat'>2⁰.</span> <span class='ocrx_word' id='word_1_291' title='bbox 571 4308 667 4369; x_wconf 75' lang='lat' dir='ltr'>august.</span> <span class='ocrx_word' id='word_1_292' title='bbox 680 4312 749 4358; x_wconf 76' lang='grc'><strong>1153.</strong></span> 
     </span>
    </p>
   </div>
   <div class='ocr_carea' id='block_1_4' title="bbox 0 0 1441 5062">
    <p class='ocr_par' dir='ltr' id='par_1_4' title="bbox 0 0 1441 5062">
     <span class='ocr_line' id='line_1_36' title="bbox 0 0 1441 5062; baseline 0 0"><span class='ocrx_word' id='word_1_293' title='bbox 0 0 1441 5062; x_wconf 95' lang='lat' dir='ltr'> </span> 
     </span>
    </p>
   </div>
  </div>
 </body>
</html>
