2872 5062
354 365 422 425 mr.
436 365 480 415 ιι.
494 365 534 414 nr
552 365 653 415 rusrr.
665 363 778 415 courr.
800 365 837 421 ut
855 365 1030 422 sarusar,
1042 366 1065 413 1.
1205 343 1272 413 183

156 487 248 560 dam.
272 481 343 558 lloc
359 509 438 559 vero
454 482 665 575 desumimus
684 508 724 553 err
743 481 944 556 testimoniis
963 479 1096 554 illorum
1119 496 1270 578 patrum,

157 626 277 701 quae„
310 614 349 676 ut
372 596 572 685 innuimus,
606 622 728 694 magno
754 621 892 680 numero
918 593 1056 694 protulit
1081 595 1273 682 launoius,

158 714 285 815 quihus
314 711 469 787 ostendat
491 727 621 784 veteres
646 736 767 784 nomen
787 735 827 783 ac
848 708 1045 806 dignitatem
1074 710 1275 791 sacramenti

160 832 196 902 in
213 828 379 926 coniugiis
401 828 524 901 veteris
544 824 731 900 testamenti
751 825 941 922 agnovisse.
964 823 1062 897 Tales
1082 840 1162 897 sunt
1179 850 1277 923 prac-

160 962 211 1019 ter
237 944 439 1033 recentiores
469 942 716 1029 Tertullianus,
746 968 776 1014 s.
799 940 1045 1040 Hieronymus,
1070 939 1277 1036 sllugusti-

159 1089 242 1150 nus,
267 1087 297 1135 s.
311 1062 376 1134 heo
393 1060 453 1148 hl,
465 1059 667 1145 Hincmarus
688 1057 863 1131 Remensis
881 1072 944 1129 etc.
962 1059 1026 1151 (6).
1045 1057 1112 1143 Nos
1133 1054 1221 1142 ultro
1243 1057 1277 1133 id

158 1177 282 1251 damus
303 1174 471 1262 launoio,
494 1173 676 1248 dummodo
692 1172 727 1249 io
747 1196 906 1269 germano
923 1197 1038 1257 sensu,
1061 1197 1128 1270 quo
1141 1197 1161 1243 a
1175 1172 1278 1269 patri·

158 1293 223 1380 ltus
241 1289 443 1387 sacramenti
465 1289 629 1387 dignitate
642 1314 682 1373 ac
694 1287 829 1363 nomine
840 1303 989 1361 veterum
1003 1287 1161 1383 coniugia
1180 1311 1278 1386 prae-

159 1409 231 1483 dita
244 1433 322 1481 esse
334 1405 503 1492 dixerunt,
517 1404 756 1500 intelligantum
768 1402 924 1476 videlicet
937 1403 1066 1477 ratione
1078 1402 1160 1474 meri
1174 1403 1279 1500 signi,

158 1521 484 1620 autsignificationis
498 1520 629 1607 suturae
639 1519 764 1595 Christi
773 1545 850 1592 cum
860 1518 1002 1592 ecclesia
1016 1519 1274 1606 coniunctionis,

161 1638 236 1726 Quo
262 1662 367 1723 sensu
393 1635 561 1709 interdum
582 1635 685 1709 etiam
707 1635 809 1709 iidem
832 1649 944 1734 patres
965 1635 1019 1708 vel
1038 1635 1073 1706 in
1091 1635 1177 1733 ipsis
1202 1634 1279 1707 inli-

159 1753 288 1827 delium
309 1751 489 1827 connuhiis
515 1751 715 1825 sacramenti
737 1751 934 1849 dignitatem
961 1777 1001 1823 ac
1026 1774 1148 1825 nomen
1171 1750 1279 1823 admi·
1350 1776 1352 1780 ’

160 1884 296 1956 serunt,
325 1894 393 1943 non
419 1882 532 1941 autem
556 1893 597 1940 ea
626 1866 770 1953 ratione,
800 1893 868 1965 qua
895 1867 1041 1940 innova
1068 1866 1141 1963 lege
1165 1865 1280 1939 mutri-

161 1983 310 2065 monium
335 1981 458 2055 dicitur
478 1996 745 2068 sacramentum,
769 1997 936 2081 quatenus
961 1981 1090 2056 scilicet
1114 1981 1279 2065 adnexam

161 2098 304 2196 gratiam
325 2097 446 2184 hahet,
459 2123 531 2170 seu
554 2097 688 2194 signum
707 2096 828 2169 ellicax
846 2112 898 2171 est
916 2098 1057 2194 gratiae,
1076 2099 1167 2198 quod
1190 2115 1281 2173 esset

163 2213 349 2289 absurdum
373 2212 415 2286 de
432 2212 642 2301 ethnicorum
659 2211 827 2308 coniugiis
844 2211 993 2308 cogitare
1012 2215 1076 2309 (7).
1091 2213 1164 2298 Quo
1183 2241 1280 2311 prae·

163 2327 272 2426 posito
299 2325 532 2413 fundamento,
560 2325 610 2398 sic
635 2324 746 2398 itineri
773 2325 905 2398 insisto.
927 2325 1061 2400 Certum
1078 2343 1149 2415 est,
1169 2343 1279 2426 patres

163 2443 257 2519 illum
274 2457 500 2530 contractum,
520 2468 581 2514 seu
594 2425 688 2512 illum
702 2441 815 2540 ipsum
835 2467 1050 2531 eonsensum,
1071 2468 1139 2542 quo
1156 2447 1280 2529 cousti-

162 2558 318 2648 tuabatur
340 2571 530 2630 contractus
548 2555 735 2652 coniugalis
753 2556 839 2629 inter
857 2554 986 2644 fideles,
1005 2582 1147 2630 vocasse
1167 2584 1281 2633 sacra·

164 2690 311 2761 mentum
325 2698 459 2772 presse,
475 2697 515 2744 ac
527 2671 597 2745 veri
613 2671 760 2744 nominis
773 2671 817 2743 ad
833 2698 910 2744 eum
928 2671 1078 2760 modum,
1091 2699 1159 2772 quo
1168 2672 1279 2749 latiori
1342 2763 1345 2771 μ

165 2814 268 2876 sensu
285 2802 497 2862 sacramente
513 2787 669 2859 dixerunt
687 2787 861 2884 coniugia,
880 2814 969 2887 quae
985 2803 1062 2861 ante
1079 2787 1205 2861 Christi
1222 2788 1280 2861 ad-

164 2919 298 2977 ventum
316 2904 442 2978 [iebant
459 2919 529 2978 tum
548 2904 638 3003 apud
657 2903 775 2978 fideles
794 2918 864 2975 tum
882 2904 972 3003 apud
991 2903 1157 2977 infideles.
1178 2903 1279 3003 Atqui

163 3020 198 3093 in
217 3019 461 3120 posterioribus
479 3018 535 3092 his
559 3019 727 3116 coniugiis
750 3035 862 3118 patres
887 3046 953 3094 non
977 3018 1201 3091 distinxerunt
1224 3045 1280 3092 sa-

163 3149 371 3227 cramentum
392 3159 413 3207 a
436 3150 627 3218 contractu,
657 3133 717 3207 sed
741 3132 832 3206 hunc
857 3134 968 3233 ipsum
994 3147 1198 3205 contractum
1226 3159 1279 3205 sa·

163 3264 371 3323 crumentum
393 3265 555 3324 vocarunt
580 3248 623 3322 ob
649 3248 715 3349 ipsi
740 3247 969 3321 inhaerentem
1000 3247 1279 3346 significationem

163 3362 296 3437 loturae
320 3362 445 3438 Christi
466 3390 548 3437 cum
575 3362 719 3436 ecclesia
744 3362 880 3436 unionis
900 3392 908 3449 ;
937 3388 1016 3459 ergo
1043 3388 1152 3462 neque
1176 3363 1280 3437 ullam

164 3476 438 3576 interposuerunt
454 3479 703 3552 distinctionem
721 3477 808 3550 inter
821 3491 1027 3550 contractum
1042 3493 1074 3551 et
1090 3503 1280 3552 sacramen-

234 3757 269 3821 (s)
286 3760 314 3808 ln
324 3771 366 3822 op.
377 3760 420 3810 cit.
431 3773 488 3824 pag.
504 3765 615 3812 tto·7te.
627 3763 693 3812 llaec
703 3764 784 3812 autem
800 3763 922 3825 congessit
935 3763 1076 3814 testimonia
1090 3777 1147 3815 euru
1158 3765 1279 3825 induem,

163 3838 190 3886 ut
205 3836 297 3889 uanus
311 3837 413 3889 interret
431 3839 498 3890 viros
515 3841 639 3905 principes
644 3878 653 3905 ,
665 3845 739 3905 prout
747 3843 773 3892 in
781 3843 858 3894 veteri
868 3842 933 3906 lege,
944 3843 981 3895 sic
989 3843 1016 3892 in
1027 3857 1093 3894 nova
1101 3857 1159 3894 usos
1169 3842 1282 3909 tuhseac

164 3912 301 3967 etiamnum
316 3918 354 3968 uti
372 3920 493 3983 potestate
508 3922 673 3971 constituendi
692 3923 867 3986 impedimenta
886 3923 1044 3986 dirimentis,
1065 3923 1160 3973 etiarnsi
1181 3922 1281 3986 nuptiae

163 3995 290 4047 achrtsto
300 3998 400 4048 eredes
409 3999 502 4050 fuerint
511 3998 542 4050 ed
552 3999 696 4064 dignitatem
705 4004 859 4053 sacramenti.

237 4076 275 4141 (7)
291 4079 371 4143 Atque
381 4079 422 4130 hic
431 4080 557 4132 observari
568 4083 624 4132 volo
635 4082 847 4146 humanationem,
858 4084 902 4148 qni
913 4096 940 4134 se
951 4083 1043 4146 ubique
1052 4083 1166 4134 criticum
1177 4082 1280 4145 sngecis·

167 4156 273 4220 simum,
292 4158 368 4209 immo
379 4157 603 4224 ethypercriticum
624 4163 735 4222 exhibet,
757 4166 840 4214 tamen
853 4165 907 4214 tum
921 4164 967 4213 hoc
982 4164 1044 4223 loci,
1062 4164 1116 4213 tum
1135 4162 1282 4225 ubicumque

167 4239 247 4302 agitur
253 4239 423 4304 deperationis
429 4242 481 4292 suis
491 4242 608 4294 adversus
617 4243 731 4294 ecciesiae
739 4243 875 4294 doctrinam
886 4243 1069 4307 persuadendis,
1077 4243 1169 4307 absque
1185 4242 1280 4294 delectu

167 4318 308 4371 testimonia
324 4333 454 4384 congerere
464 4321 551 4373 solere.
