2872 5062
144 355 189 425 ii
346 374 409 425 nn.
429 373 453 423 r.
473 371 560 422 secr.
581 371 604 418 r.
626 371 666 421 nn
685 370 817 420 urrnru.
838 369 1052 421 sumturum.

143 495 284 571 alasiam
300 490 500 569 catholicam
519 504 745 588 protestantes
764 487 959 586 perducere,
975 489 1035 587 qni
1047 486 1116 565 dno
1133 504 1265 572 tantam

143 622 353 687 summanus
368 633 390 681 a
403 606 538 684 Christo
549 598 709 682 'insutus
726 628 803 682 esse
819 604 1036 682 contendunt.
1049 605 1093 677 At
1103 603 1188 678 dum
1198 605 1265 687 liae

143 724 361 805 minatore
376 722 463 798 inter
475 720 702 797 immediatam
714 719 964 819 mediatamque
980 737 1265 804 sacramentorum

143 839 387 919 institutionem
405 837 469 911 rati
488 852 567 912 sunt
583 850 805 935 protestantes
818 835 861 907 ad
874 836 1037 941 unitatem
1054 824 1262 935 meritare,

143 983 212 1034 ucn
224 955 441 1036 adverterunt
452 979 491 1027 se
505 952 620 1050 petius
632 949 676 1025 ad
689 966 911 1049 protestantes
928 951 1269 1033 aceedemtdtune

144 1088 257 1149 antem
282 1069 489 1151 sententiam
507 1068 558 1143 'de
580 1067 810 1145 ecelesiastica
835 1067 1037 1141 sacramenti
1061 1069 1267 1150 matrimonii

143 1170 357 1266 institutione
380 1185 705 1284 deveneruntque
729 1200 891 1282 putarunt
913 1210 981 1258 non
1007 1182 1117 1259 solum
1134 1211 1198 1283 pro
1213 1184 1269 1268 di,

143 1305 223 1379 rina
248 1302 354 1376 huius
377 1301 579 1377 sacramenti
605 1301 814 1375 institutione
837 1300 969 1375 nullum
991 1299 1156 1379 biblicum
1172 1301 1268 1382 testi,
1291 1309 1327 1410 ξῑἸ

144 1416 296 1495 monitus
320 1416 434 1491 afferri
458 1442 576 1516 poseo,
597 1415 659 1492 sed
676 1441 787 1514 neque
811 1415 989 1514 quidpiam
1004 1415 1087 1488 certi
1104 1442 1145 1495 ex
1161 1415 1268 1493 tradi·
1339 1517 1342 1524 Ι

144 1534 241 1615 tione,
252 1558 357 1631 posse
372 1532 496 1611 adduci
516 1535 608 1628 (ti),
623 1548 724 1632 atque
735 1533 959 1629 Augustinum
976 1531 1124 1631 primum
1140 1532 1265 1618 luisse,

145 1649 206 1750 qui
222 1650 267 1727 de
284 1649 499 1726 matrimonio
517 1648 690 1723 disserens
707 1649 905 1723 commenti
918 1673 1035 1721 vocem
1051 1646 1265 1735 adhibuerit,

145 1791 288 1865 eamque
312 1763 551 1864 probabilius,
581 1790 648 1840 non
680 1791 784 1839 sensu
815 1765 973 1863 proprio,
1002 1781 1038 1839 at
1065 1764 1269 1862 mysticent

144 1881 269 1980 typico·
284 1906 353 1980 qno
377 1879 435 1956 ille
459 1880 605 1956 maxime
630 1879 860 1955 delectabatur
883 1883 972 1974 (tt).
994 1879 1037 1952 At
1059 1905 1139 1955 vero
1163 1906 1268 1978 quem

145 1995 300 2095 imperite
317 1995 403 2070 haec
418 1994 511 2070 dicta
527 1994 596 2072 sint
613 2012 728 2094 aperte
744 1994 851 2094 liquet
865 2022 907 2070 ex
926 1994 1139 2069 documentis
1155 1995 1268 2071 hacto

145 2111 368 2199 nusallatis,
389 2110 515 2210 quibus
539 2111 725 2191 raritatem¹
738 2112 939 2187 sacramenti
964 2110 1176 2191 matrimonii.
1196 2128 1268 2191 turn

146 2225 292 2324 publicis
317 2253 357 2302 ao
380 2226 589 2328 solemnibus
607 2226 848 2312 ecclesiarum,
868 2244 940 2302 tum
958 2226 1189 2323 singularibus
1206 2253 1267 2329 pu·

145 2354 241 2420 truur,¹
258 2342 461 2418 testimoniis
486 2343 790 2442 comprobavimus.

570 2539 780 2595 nnrrmrnus
800 2539 837 2592 rr.
899 2529 922 2592 ᾗ
1015 2518 1044 2531 ”
1074 2510 1087 2534 ”

361 2642 476 2763 Veritas
495 2681 676 2742 Sacramentt
689 2644 868 2743 Matrimonii
888 2683 1051 2744 ostenditur

263 2757 265 2760 ’
400 2779 437 2821 ex
451 2764 600 2824 communi
609 2760 854 2822 scholasticorum
868 2763 1012 2822 doctrina.

220 2910 353 3010 Operae
378 2911 522 3011 pretium
540 2928 592 2984 est
613 2913 818 3010 expendere,
840 2940 919 2986 num
937 2915 1145 3013 antiquiores
1167 2916 1268 2990 scho-

146 3027 256 3100 lastici
281 3054 304 3100 a
318 3043 460 3126 ,patrum
484 3026 636 3100 doctrina
659 3028 884 3115 desciverint,
912 3056 956 3100 an
980 3055 1059 3102 vero
1077 3030 1266 3105 traditionis

149 3140 242 3233 filum
260 3143 405 3215 insecuti
423 3142 631 3240 perrexerint
648 3167 840 3240 germanam
854 3143 897 3215 de
908 3144 1048 3217 veritate
1066 3148 1267 3220 sacramenti

148 3257 352 3331 matrimonii
370 3257 558 3331 doctrinam
571 3284 593 3329 a
606 3258 768 3356 patribus.
779 3276 950 3357 acceptam
968 3286 1179 3345 conseruare.
1194 3262 1269 3339 Non

143 3372 396 3468 enimdesunt,
418 3374 477 3472 qui
503 3401 562 3446 eos
588 3375 744 3448 incusant
764 3376 855 3474 quod
874 3375 916 3446 ab
934 3403 973 3448 ea
991 3376 1173 3450 defecerint
1196 3380 1268 3454 sire

147 3487 202 3562 ob'
220 3489 433 3588 antiquorum
462 3488 737 3563 documentorum
763 3490 972 3590 inopiamct
998 3492 1262 3590 ignorationem,

147 3605 220 3679 sive
244 3606 289 3678 ob
313 3606 499 3703 neglectam
525 3607 757 3705 antiquitatem
782 3634 971 3708 novamque
987 3610 1023 3680 in
1040 3609 1193 3684 doctrina
1210 3637 1267 3684 sa-

221 3773 271 3837 (67)
287 3776 324 3825 tta
334 3774 376 3825 cit.
386 3776 511 3826 oherttrnr
520 3790 561 3839 op.
574 3776 599 3826 et
610 3777 657 3828 loc.
666 3776 709 3828 cit.
717 3790 812 3828 necnon
821 3779 958 3842 ilotdener,
971 3782 1115 3844 praesertim
1125 3793 1187 3831 vero
1199 3781 1267 3832 Beda

148 3858 238 3918 Meyer.

220 3935 270 3997 (ot)
284 3937 323 3986 lte
336 3937 473 3999 homnis,
489 3937 599 4000 Wiesse,
616 3941 642 3988 et
656 3941 777 4002 Kistner‚
799 3954 905 4003 quornm
928 3943 1068 4005 momentus
1087 3940 1195 3992 scribere
1216 3955 1267 3993 non

148 4015 284 4066 dubinrit:
302 4017 450 4080 «Dogmata
464 4017 497 4068 dc
511 4021 664 4071 manento
678 4020 829 4071 matrimonii
845 4023 931 4072 auctor
946 4021 1029 4072 mtitit
1042 4021 1207 4086 Augustinus,
1221 4023 1265 4087 qui

147 4096 231 4146 tecum
246 4097 317 4147 Pauli
328 4098 411 4161 ephee.
423 4096 538 4159 V.sclso
548 4099 741 4162 interpretando,
753 4101 780 4150 in
791 4115 821 4151 eo
834 4103 921 4166 typum
932 4102 1085 4153 matrimonii
1100 4103 1194 4153 christi
1208 4116 1266 4154 enm

148 4175 251 4226 «etesia
271 4177 469 4228 coniunctionem
486 4177 657 4242 significantis,
676 4180 882 4243 quaerentium
896 4184 1014 4232 mmmm.
1025 4182 1125 4246 Lipsiae
1141 4191 1211 4236 luto.
1229 4185 1266 4234 lta

148 4255 224 4306 mam
236 4257 279 4306 alii
295 4257 362 4322 apud
372 4257 527 4322 Roslowtny
542 4260 568 4309 in
583 4272 625 4323 op.
637 4263 676 4310 De
690 4253 849 4311 mannisis
860 4261 1058 4314 eecleacutttol.
1070 4266 1194 4326 somnae
1204 4264 1263 4315 vin·

149 4334 221 4386 detto
236 4337 296 4387 torn.
312 4339 332 4387 l.
345 4351 402 4401 pag.
412 4345 451 4389 29.
463 4340 522 4390 note
531 4338 590 4402 (ti).
1256 4358 1259 4366 ·
