2872 5062
170 318 238 389 128
358 339 419 392 nm.
441 340 464 390 ι.
485 332 570 391 sacr.
592 342 614 392 r.
636 343 676 392 nr
701 342 831 395 aarum
853 344 1065 398 senmurum.

170 473 237 544 tur,
257 473 290 530 et
305 482 414 557 neque
438 476 684 533 sacramentum
709 478 797 534 arat:
826 463 915 536 unde
940 466 999 563 qui
1025 465 1071 538 ita
1095 466 1272 542 cohabita-

167 573 429 648 mnt·iomioarii
454 592 586 662 essent,
601 593 654 649 'co
677 577 767 676 quod
793 579 994 652 matrimonii
1021 598 1269 656 sacramentum

167 715 207 761 ex
230 687 354 764 Christi
379 690 548 765 uoluntate
571 690 659 764 inter
683 692 885 767 christianos
918 715 1080 794 sequatur
1110 697 1271 772 rationem

166 820 369 881 contractus.

240 922 273 991 4.
301 921 351 994 Do
365 920 431 996 illis
443 948 542 1020 porro
555 922 767 1020 coniugibus,
783 922 843 1021 qui
856 949 896 996 ex
909 922 1106 998 infidelitate
1117 929 1270 1001 conuersi

165 1034 208 1106 ad
227 1034 325 1107 iidem
343 1035 560 1110 christianam
585 1037 789 1135 baptismum
815 1037 1006 1137 suscipiunt
1030 1039 1164 1114 diuersa
1180 1042 1272 1140 viget

166 1147 253 1221 inter
267 1147 442 1246 theologos
461 1151 645 1237 sententia;
667 1167 746 1224 sunt
762 1150 868 1238 onim,
888 1151 947 1250 qui
967 1167 1106 1225 censent
1120 1178 1161 1227 er
1178 1180 1270 1229 mero

164 1277 334 1335 contractu
346 1261 389 1334 ad
403 1278 526 1336 statum
544 1263 746 1337 sacramenti
765 1263 898 1337 illorum
914 1258 1110 1362 coniugium
1128 1267 1272 1343 transire

165 1376 200 1447 in
224 1376 300 1474 ipsa
323 1375 481 1477 baptismi
514 1379 727 1476 susceptione
752 1377 795 1451 ob
821 1376 1017 1477 implicitam
1043 1378 1180 1468 saltem,
1209 1408 1271 1457 seu

164 1491 296 1565 tacitam
322 1516 441 1566 eorum
460 1491 664 1567 voluntatem
693 1494 783 1588 (40).
809 1492 873 1565 Alii
898 1518 977 1567 uero
1007 1493 1212 1569 arbitrantur
1234 1497 1269 1571 id

165 1605 236 1679 fieri
261 1634 322 1706 per
345 1607 636 1695 ratihabitionem,
669 1634 770 1709 quam
801 1625 940 1697 uocant,
968 1610 1095 1708 proprii
1120 1612 1269 1709 coniugii

165 1720 200 1791 in
216 1719 302 1794 lacis
318 1721 491 1796 ecelesiae.
515 1722 619 1796 Nobis
637 1721 737 1821 prior·
752 1722 915 1796 sententia
940 1722 1047 1820 magis
1072 1723 1212 1812 arridet,
1227 1744 1269 1800 oo

163 1836 254 1934 quod
271 1862 379 1936 nequo
394 1835 530 1936 ubique,
548 1861 657 1936 nequo
673 1861 806 1934 semper
822 1836 987 1911 eiusmodi
1002 1837 1195 1913 ratihabitio
1208 1864 1269 1914 seu

163 1976 350 2032 consensus
362 1951 531 2026 renouatio
543 1965 709 2037 servetur,
725 1950 793 2026 imo
807 1950 974 2024 interdum
987 1951 1086 2026 iustis
1099 1951 1270 2029 decausis

163 2065 378 2141 interdicatur
394 2068 481 2163 (ll).

236 2183 269 2252 t.
297 2180 424 2254 Eadem
440 2179 720 2279 fore'opinionum
737 2179 963 2279 discrepantia
979 2181 1070 2277 uiget
1084 2182 1198 2282 quoad
1211 2208 1269 2258 eos

162 2295 342 2394 coniuges,-
369 2320 512 2395 quorum
535 2294 619 2369 alter
636 2295 680 2369 ad
697 2294 914 2369 christianam
931 2295 1033 2368 fidem
1050 2297 1267 2387 conuertitur,

161 2412 242 2484 dum
274 2411 357 2484 alter
387 2411 504 2486 saltem
533 2410 581 2485 <ad
599 2426 744 2510 tempus
770 2410 805 2482 in
831 2436 893 2485 sua
917 2426 1031 2486 manet
1055 2411 1265 2486 infidelitate.

161 2525 318 2599 Nonnulli
344 2528 433 2599 enim
457 2526 650 2600 existimant
680 2524 828 2600 nondum
858 2524 975 2598 haberi
1003 2543 1277 2617 sacramentum,

161 2638 503 2738 quamdiu-alteruter
524 2638 645 2713 coniux
666 2638 814 2712 infidelis
831 2655 901 2726 est,
921 2637 1003 2739 qnia
1025 2656 1270 2715 sacramentum

161 2768 214 2826 est
229 2752 456 2839 individuum
476 2769 577 2853 atque
601 2752 666 2827 hoc
690 2752 725 2825 in
750 2778 834 2827 casu
858 2752 1032 2827 versamur
1046 2769 1140 2828 extra
1152 2752 1269 2854 'hypo-

162 2865 288 2941 thesim·
316 2866 358 2942 de
391 2863 546 2964 coningio
584 2865 734 2939 fidelium
766 2865 809 2939 ad
842 2866 1041 2941 sacramenti
1070 2865 1268 2964 dignitatem

160 2999 285 3058 evecto.
302 2982 367 3056 Atii
385 2982 588 3057 contendunt
605 3007 707 3080 posse
723 2980 840 3055 heberi
859 2996 1106 3056 sacramentum
1119 3007 1161 3055 ex
1172 2998 1268 3080 parta

160 3096 269 3187 illius,
297 3100 356 3198 qui
381 3099 423 3172 ad
448 3098 549 3173 fidem
574 3097 790 3174 conuertitur.
812 3095 877 3170 alii
895 3093 1030 3170 demum
1055 3111 1134 3171 tuno
1158 3095 1268 3172 solnm

230 3329 281 3394 (4ο)
296 3329 335 3381 ct.
347 3330 454 3381 Sanchee
464 3333 503 3382 De
511 3333 627 3382 matrim.
637 3329 681 3381 lib.
689 3330 721 3382 lit
733 3328 796 3395 disp.
804 3334 835 3380 x.
847 3341 872 3379 ιι.
884 3335 908 3380 t.
916 3341 973 3380 cnm
985 3329 1050 3381 aliis.

231 3409 281 3473 (it)
293 3411 324 3460 ln
340 3409 464 3461 nonnullts
484 3409 639 3462 dioecesibus
654 3410 695 3462 hic
715 3423 769 3461 mos
788 3407 911 3460 introduci
931 3408 1024 3473 caepit,
1036 3409 1066 3461 ut
1078 3407 1199 3497 coniugep
1212 3411 1268 3477 pest

158 3489 298 3551 susceptum
311 3487 459 3551 baptismum
470 3492 587 3540 renovent
597 3501 740 3541 eonsensum
750 3501 822 3539 sunm
833 3500 915 3538 coram
926 3486 1065 3550 sacerdote,
1076 3500 1164 3539 rerum
1175 3488 1266 3555 pudor

160 3580 209 3617 nou
221 3567 249 3618 tit
259 3568 285 3618 tn
296 3566 418 3632 plerisque
424 3568 499 3632 locis,
510 3570 535 3620 et
543 3569 644 3633 merito;
656 3580 713 3619 nam
725 3581 755 3619 ex
765 3566 929 3618 declaratione
940 3566 1075 3618 innocentii
1085 3567 1268 3633 lallommque

158 3645 300 3710 pontificum
312 3659 354 3710 per
363 3645 511 3711 baptismum
523 3647 681 3698 remittuntur
691 3648 803 3710 pomata,
815 3657 863 3695 non
875 3646 1004 3696 mirantur
1015 3644 1143 3711 maingis,
1156 3645 1268 3710 meoque

159 3724 220 3774 lraee
232 3726 394 3789 persevemnt.
406 3724 518 3776 indurant
532 3727 613 3776 autem
627 3724 772 3775 sacramenti
785 3723 968 3788 dignitatemex
978 3734 1097 3776 consensu
1109 3723 1163 3777 aive
1171 3724 1266 3788 uerbis,

157 3804 210 3854 siue
222 3802 335 3867 notibus,
345 3807 398 3854 sive
407 3803 480 3854 etiam
491 3802 544 3868 ipso
554 3802 661 3869 coniugi
672 3816 726 3853 usu.
738 3805 832 3853 tiorum
841 3802 958 3869 plaettum
969 3802 1047 3866 magis
1055 3799 1128 3853 nobis
1139 3802 1267 3869 probatur.

52 3896 60 3903 ·
157 3883 229 3944 Quod
246 3897 305 3934 vero
318 3884 405 3934 attinet
414 3881 444 3933 ad
455 3882 572 3946 placitum
583 3882 680 3933 illorum
693 3882 874 3947 theologorum,
885 3881 928 3946 qni
940 3883 1068 3933 autumant
1081 3882 1266 3934 matrimonium

158 3966 233 4017 semel
253 3966 300 4016 rite
322 3964 411 4015 initum
432 3963 458 4013 in
478 3961 573 4013 ratione
595 3963 734 4014 contactus
753 3975 886 4028 numquam
907 3960 939 4012 ad
959 3961 1102 4026 dignitatem
1121 3962 1268 4014 ammenti

157 4046 228 4097 evehi
248 4057 337 4110 posse,
360 4044 399 4095 ull
415 4045 541 4106 vasquez,
559 4042 675 4106 Pontius,
692 4043 829 4107 Tonmely,
840 4042 934 4104 collat,
948 4042 1065 4106 Biduum,
1084 4041 1268 4106 Lagedaanon,

158 4125 219 4176 ruilri
229 4125 345 4176 videntur
357 4122 461 4175 intirmis
472 4122 518 4173 niti
530 4120 708 4186 madementis,
723 4122 760 4173 uti
777 4134 834 4172 eum
851 4121 1014 4173 communiori
1032 4119 1146 4173 doctrina
1162 4120 1270 4173 nimau

158 4207 265 4256 sanchez
277 4203 322 4256 lib.
337 4206 369 4255 11.
386 4206 424 4254 De
443 4205 523 4254 matr.
541 4201 607 4265 disp.
628 4205 670 4252 lx.
689 4202 729 4253 ct.
746 4201 870 4254 Benedici.
886 4205 951 4254 xiv.
972 4204 1011 4253 De
1029 4200 1127 4266 mnodo
1144 4201 1188 4254 lib.
1199 4203 1267 4254 vill.

156 4299 211 4349 cap.
223 4287 290 4337 xlii.
304 4297 329 4334 ιι.
341 4292 364 4335 8.
375 4286 467 4335 Verum
477 4282 509 4333 de
520 4282 568 4333 hoe
579 4283 604 4332 in
616 4280 659 4332 lib.
669 4284 701 4332 ll.
714 4295 743 4334 ex
756 4282 866 4346 professo
879 4281 998 4334 dicemus.
1194 4310 1197 4315 -
