2872 5062
221 338 290 409 tbi
417 359 478 409 ura.
500 358 522 407 1.
545 357 630 408 sacr.
651 357 837 407 urrunnun
857 357 988 408 uarurrr.
1005 355 1113 406 ervum.

215 478 325 554 venali
354 481 443 574 (11).
473 477 527 549 Dii
552 478 820 566 invocabantur,
854 478 913 576 qui
945 477 1071 576 nuptiis
1101 473 1329 550 censebantur

136 637 138 641 f
216 621 373 697 praeesse
389 597 417 690 (1
427 596 477 689 2).
495 592 661 667 Arnobius
681 594 834 666 meminit
854 593 1067 680 maritorum,
1090 587 1149 692 qui
1166 607 1200 664 et
1216 592 1333 666 Fortu-

216 737 280 784 nae
295 709 472 808 virginalis
486 710 529 782 ad
543 735 641 808 opem
654 708 904 806 confugiebant,
915 708 996 780 dum
1011 708 1063 781 sic
1073 707 1228 781 ethnicos
1241 733 1334 780 oom-

215 824 337 924 pellat:
364 854 381 893 n
397 824 481 896 (lum
507 822 541 894 in
569 822 818 895 matrimonium
842 822 1049 907 convenitis,
1078 836 1156 919 toga
1181 821 1333 894 sternitis

215 939 373 1027 lectulos,
390 955 422 1013 et
434 939 629 1012 maritorum
643 940 761 1036 genios
775 936 969 1011 advocatis?
982 936 1186 1010 Nubentium
1204 936 1332 1008 crinem

216 1053 375 1127 caelibari
400 1054 499 1127 hasta
519 1051 699 1126 mulcetis?
716 1051 907 1124 Puellarum
925 1051 1057 1149 togulas
1075 1053 1255 1124 Fortunam
1272 1050 1333 1124 de-

217 1169 309 1243 sertis
328 1168 371 1241 ad
392 1167 589 1266 virginalem
608 1167 723 1264 (13)i»
749 1167 864 1240 Fiebat
886 1182 1061 1266 praeterea
1084 1166 1335 1240 matrimonium

218 1286 476 1384 consurrectione
490 1283 589 1357 certis
602 1282 713 1357 verbis
727 1282 907 1369 adhibitis,
923 1280 1066 1355 testibus
1084 1281 1332 1380 praesentibus,

217 1398 427 1498 solemnique
447 1398 631 1485 sacrificio,
654 1398 690 1469 iu
707 1423 775 1496 quo
793 1397 880 1469 farre
897 1397 1098 1484 utebantur,
1118 1422 1231 1470 coram
1248 1423 1334 1496 pou·
1397 1409 1400 1413 ’

215 1514 306 1588 tifice
334 1528 494 1613 peracto,
523 1512 645 1586 mulier
667 1514 704 1584 in
729 1538 866 1584 manum
896 1512 959 1585 viri
989 1511 1209 1585 conveniebat
1237 1514 1269 1608 (1
1277 1515 1327 1608 i).

215 1629 341 1704 Omitto
368 1630 452 1702 ritus
478 1627 746 1728 quamplurimos
769 1628 812 1700 de
837 1628 987 1713 coronis,
1017 1629 1190 1715 flammeo,
1220 1634 1324 1716 zona,

215 1745 313 1819 taeda
338 1746 440 1844 pinea
463 1760 526 1818 etc.
548 1771 634 1843 quos
660 1744 733 1816 luse
760 1759 1008 1842 persequuntur
1030 1744 1089 1842 qui
1110 1743 1154 1816 de
1175 1743 1333 1843 antiquo-
1427 1824 1429 1828 ,

111 1935 114 1942 ,
214 1861 456 1935 rum'moribus
475 1887 515 1934 ao
533 1861 653 1933 ritibus
672 1860 750 1932 data
767 1886 870 1959 opera
888 1860 1096 1959 scripsemnt
1111 1861 1199 1956 (15).
1217 1860 1328 1933 Unum

215 1977 331 2051 adhuc
352 1977 475 2051 adnoto
501 1975 670 2050 coronidis
696 1976 821 2073 gratia,
842 1975 926 2048 adeo
944 1974 1262 2076 scilicetyreceptum
1280 1974 1333 2046 fu-

215 2092 284 2166 isse
309 2091 399 2191 apud
423 2106 572 2179 veteres,
600 2089 690 2190 quod
716 2089 834 2186 religio
860 2089 994 2162 deberet
1018 2088 1147 2188 nuptiis
1163 2089 1332 2186 coniungi

215 2233 283 2307 quo
310 2231 426 2280 sacrae
451 2222 582 2294 essent,
603 2223 640 2279 ut
656 2203 978 2280 vincelebrarentur
1002 2205 1161 2302 coniugia
1184 2205 1269 2305 quin
1287 2204 1333 2278 lo

215 2348 291 2396 oum
311 2349 444 2397 sacrum
463 2323 594 2395 adirent
607 2322 651 2395 ad
663 2320 868 2420 exploranda
884 2321 1038 2418 auguria.
1057 2320 1168 2406 Quare
1185 2319 1331 2419 loquens

258 2542 262 2547 ⁴
285 2542 335 2607 (rt)
351 2547 404 2594 iuv.
417 2546 503 2608 Satyra
513 2548 544 2595 Χ.
556 2558 580 2594 v.
591 2551 698 2596 saetae.
714 2544 796 2595 collat.
814 2545 899 2595 Tacito
914 2543 1281 2607 Auna1.x1.27.agiturenim
1297 2541 1331 2592 ibi

213 2622 244 2673 de
258 2622 384 2673 solemniis
402 2624 543 2687 nuptiarum
553 2625 697 2675 Messalinae
710 2626 735 2675 et
752 2624 815 2674 sitii.
828 2625 902 2674 Plura
912 2623 961 2674 alia
974 2623 1034 2674 vide
1048 2623 1113 2686 apud
1130 2623 1285 2674 Brissouium
1295 2625 1331 2673 De

212 2703 272 2752 iore
280 2704 438 2764 nuptiarum
448 2703 475 2752 in
486 2704 619 2755 Tbesouro
628 2705 726 2755 Graevii
735 2706 795 2755 nn.
808 2707 877 2754 vili.

287 2781 338 2844 (12)
354 2782 442 2845 virgil.
457 2783 563 2834 aeneid.
575 2787 610 2834 X.
624 2776 735 2848 itemqu

285 2860 335 2924 (it)
350 2861 405 2912 Lib,
416 2863 448 2913 11.
458 2862 554 2915 adver.
567 2866 638 2926 nent.
649 2865 759 2915 Basileus
772 2869 840 2916 1546.
852 2879 907 2929 pag.
921 2871 974 2917 1⁰7.

283 2941 322 2992 Gi.
334 2943 462 2992 Praeterea
475 2942 609 2992 bieursium
620 2947 659 2993 De
674 2943 767 2993 morib.
782 2947 809 2994 et
829 2946 875 2995 rit.
889 2947 959 3009 qent.
975 2944 1019 2995 lib.
1030 2947 1050 2994 1.
1063 2958 1086 2994 c.
1103 2949 1125 2995 7.
1137 2944 1181 2994 ubi
1198 2944 1264 2995 inter
1283 2945 1330 2996 alia

210 3020 312 3071 scribit:
331 3040 343 3064 r
354 3023 470 3072 ceterum
487 3021 562 3071 etiam
577 3021 687 3085 quinqua
705 3022 771 3073 iaces
782 3024 853 3073 eraut
865 3025 964 3088 propter
975 3023 1048 3086 deos,
1059 3023 1103 3087 qui
1112 3023 1292 3075 invocabantur
1303 3025 1329 3073 iu

210 3100 317 3165 nuptiis,
328 3103 413 3151 iovem
430 3101 556 3165 adultum,
569 3105 688 3152 iunonem
698 3101 821 3165 adultam,
834 3107 952 3154 venerem
963 3103 1078 3166 credam,
1098 3103 1218 3165 Dianam3
1231 3103 1329 3154 invoca·

211 3178 301 3230 bantur
313 3181 387 3230 etiam
399 3183 552 3244 Hymenaeus
565 3183 590 3232 et
603 3181 693 3233 ominis
703 3183 780 3246 gratia
792 3183 911 3245 Thassus,
925 3184 969 3246 qui
979 3184 1027 3234 iuit
1034 3183 1258 3247 praeclarissimus,
1271 3183 1328 3234 dum

209 3260 308 3310 Romuli
318 3261 440 3325 tempore,
455 3261 632 3326 pulchramque
646 3263 766 3326 virginem
780 3264 885 3327 recepit,
902 3265 1039 3314 Mercurius
1051 3277 1189 3327 quoqueex
1200 3262 1329 3328 disciplina

210 3341 377 3402 aegyptimum
395 3343 494 3405 propter
510 3341 661 3404 caduceum,
680 3356 711 3393 ex
726 3356 776 3406 quo
789 3344 907 3394 maeones
918 3343 968 3393 duo
978 3346 1050 3394 eraut
1059 3356 1112 3394 mas
1122 3345 1147 3394 et
1157 3343 1291 3393 foemina.»

285 3419 335 3482 (14)
352 3413 457 3470 Numina
467 3421 557 3484 quibus
565 3422 682 3472 litabatur
694 3423 720 3473 et
730 3423 806 3472 ritum
816 3423 929 3473 sacrificii
941 3423 1058 3474 describit
1069 3422 1187 3486 Virgilius
1198 3421 1329 3489 deruptis

209 3511 284 3561 egeus
299 3498 404 3548 Aeneid.
415 3498 459 3548 lib.
470 3502 547 3550 litu.
559 3507 598 3550 55.

370 3597 382 3620 a
402 3579 525 3642 Principio
534 3579 637 3631 delubra
646 3581 753 3645 adeunt,
765 3595 899 3646 pacemque
908 3595 952 3646 per
962 3595 1019 3635 oras

401 3659 552 3721 Exquirunt:
565 3662 675 3711 manunt
685 3663 762 3712 tectas
772 3661 803 3712 de
815 3675 883 3712 ruore
896 3661 1008 3712 bidentes

399 3737 539 3800 Frugiferae
548 3739 658 3801 caeteri,
671 3740 832 3804 Phoeboque,
843 3741 956 3804 patrique
969 3744 1063 3804 Lyaeot

399 3817 487 3867 Iunoni
498 3819 555 3869 aute
564 3831 662 3882 omues,
675 3819 715 3870 eui
726 3821 809 3871 vincla
821 3821 911 3884 iugalia
921 3834 1020 3871 curae.»

281 3897 332 3960 (75)
346 3897 448 3948 musali
459 3900 562 3961 pomum
570 3900 633 3951 inter
643 3901 736 3952 ceteros
745 3905 781 3953 lo.
789 3902 926 3966 Meuraius,
936 3905 973 3953 io.
981 3902 1124 3954 Saubertius
1133 3904 1173 3953 De
1187 3899 1327 3965 Μυῖαν

209 3980 329 4030 ueterum
343 3991 375 4030 ex
390 3979 431 4029 ed.
441 3980 524 4030 cranii
534 3981 612 4045 bugd.
623 3984 737 4033 Batavou
752 3989 821 4034 1699.
832 3996 886 4046 cap.
898 3985 944 4032 111.
954 3983 1073 4047 iiieuport
1082 3985 1194 4034 ditarent
1204 3981 1325 4047 quietior

207 4057 281 4122 eund
293 4070 359 4108 rom.
370 4058 694 4113 obtinueruntseet.vi.e‚
705 4065 957 4127 iv.1ienupt.rorn.
969 4063 1096 4114 canulius
1108 4065 1147 4112 De
1160 4074 1275 4114 rmnaae
1287 4073 1325 4112 ro·

205 4136 282 4201 picit.
294 4137 433 4202 Appendtn
447 4138 483 4189 ad
500 4152 556 4191 reru
569 4141 675 4191 civitem
685 4154 739 4205 cap.
751 4142 775 4191 il
785 4155 855 4206 seqq.
865 4143 951 4194 venet.
962 4146 1030 4193 1787.
1041 4140 1258 4192 Gamaiobdorno
1268 4143 1326 4204 spa-

209 4217 281 4279 guoio
294 4217 599 4271 unmebcmlledtoerse
607 4222 723 4271 montem
732 4219 761 4272 di
770 4224 908 4274 eontrurre
917 4221 939 4272 ti
946 4223 1115 4272 mutumne
1124 4223 1169 4272 tro
1178 4219 1218 4284 oti
1225 4219 1329 4274 onucbi.

210 4300 320 4348 romunt.
332 4301 403 4350 item.
419 4304 484 4351 itui.
