2872 5062
364 359 432 408 cnr.
446 357 469 408 r.
486 357 526 407 na
543 355 674 408 mrmu.
691 355 802 406 cirrus
818 353 953 406 aarum.
969 355 1086 406 nanu.
1206 334 1275 406 223

167 494 273 552 ratum
301 475 416 549 haberi
442 469 551 574 possit
572 497 683 549 coram
708 472 912 549 conscientia
940 471 1124 570 (nimirum
1150 474 1277 549 adulte

164 596 252 666 mum
276 593 377 665 iuxta
392 590 695 690 interpretationem
729 588 1032 689 protestantium);
1061 604 1116 662 ast
1143 615 1185 662 ex
1213 591 1278 666 hoc

165 734 348 808 numquam
373 701 545 807 quispiam
570 706 693 780 inferre
714 705 836 805 poterit
857 704 1005 779 soluisse
1026 703 1198 778 Christum
1225 732 1277 779 re-

164 823 277 922 gulam
291 823 409 920 ligere,
425 847 466 895 ac
477 823 657 904 decernere
674 847 851 921 quousque
868 821 952 919 lepos
969 820 1081 893 civiles
1097 820 1275 895 diuortium

151 939 297 1037 ,possint
317 937 516 1037 permittere.
539 937 818 1037 Quandoquidem
843 936 939 1023 ratio,
960 962 1028 1035 qua
1044 935 1118 1035 ipse
1142 936 1279 1036 exponit

163 1051 410 1151 legislationem
420 1052 602 1127 mosaicam
616 1052 732 1125 llatth.
745 1053 830 1124 XIX.
845 1055 865 1123 8
880 1077 976 1150 seqq.
989 1050 1150 1124 iustificat
1166 1051 1274 1149 legem

163 1167 308 1255 civilem,
331 1194 419 1267 quae
439 1168 547 1266 magis
564 1167 835 1242 accommodatur
850 1163 1034 1264 exigentiae
1051 1166 1192 1241 actualis
1210 1184 1277 1241 sta-

163 1297 218 1356 tus
235 1281 390 1369 moralis,
412 1308 513 1381 quam
530 1282 621 1381 quod
638 1297 866 1382 expectaretur
882 1307 903 1353 a
919 1281 1118 1380 coniugibus
1137 1281 1181 1354 ad
1199 1308 1276 1380 per-

163 1396 286 1469 lectum
310 1396 498 1470 officiorum
519 1398 777 1471 christianorum
794 1396 1089 1495 complementum,
1117 1422 1277 1496 quaeque

162 1511 251 1609 exigi
274 1529 443 1611 nequeunt
467 1513 646 1586 violentiae
664 1539 727 1611 ope
747 1515 861 1608 (28).»

236 1626 368 1700 Scilicet
391 1653 432 1699 ex
453 1627 518 1701 hoc
542 1620 797 1726 protestantium
822 1626 956 1702 oraculo
981 1627 1067 1701 bene
1092 1642 1201 1726 potest
1226 1623 1287 1700 le·'

162 1741 296 1839 gislatio
321 1741 451 1828 civilis,
479 1741 632 1842 quamvis
656 1741 811 1816 Christus
828 1769 889 1842 pro
905 1741 1049 1816 ecclesia
1066 1767 1128 1814 sua
1144 1757 1275 1814 contra-

162 1858 248 1932 rium
260 1858 418 1951 edixerit,
436 1858 624 1957 permittere
638 1858 781 1955 diuortia
792 1887 814 1931 a
826 1857 959 1933 Christo
976 1857 1146 1954 abrogata.
1168 1857 1274 1932 Immo

161 1972 239 2046 licet
258 1972 317 2072 qui
342 1972 479 2045 dimittit
502 1999 638 2048 uxorem
664 2000 760 2047 suam
777 1974 821 2047 ad
840 1973 941 2046 aliam
966 1973 1168 2060 ducendam,
1197 2000 1274 2046 reus

162 2087 221 2160 liat
243 2086 400 2160 adulterii
414 2112 537 2162 >coram
561 2090 652 2176 Deo,
680 2104 790 2187 potest
818 2091 928 2162 'tamen
960 2087 1080 2162 civilis
1102 2086 1270 2185 legislatio

160 2200 302 2277 divortia
326 2202 509 2276 concedere
526 2219 559 2276 et
576 2203 810 2290 cohonestare,
831 2229 873 2275 ne
889 2202 1043 2276 rideatur
1059 2202 1127 2274 vim
1149 2202 1273 2274 inferre

160 2316 386 2390 conscientiae
410 2317 522 2406 illius,
543 2318 750 2417 quirlrenum
767 2316 933 2391 eiusmodi
951 2317 1101 2404 mordet,
1121 2343 1183 2390 nec
1199 2315 1273 2389 vult

159 2438 196 2507 'se
220 2431 348 2506 Christi
373 2431 438 2530 legi
461 2425 671 2529 submittere.
693 2433 800 2533 ldque
817 2432 881 2506 sub
898 2448 1089 2531 praetextu,
1112 2432 1202 2532 quod
1220 2459 1272 2504 re-

160 2544 294 2642 ligionis
312 2545 449 2646 quidem
467 2546 512 2620 sit
528 2547 704 2631 interiores
721 2548 863 2622 allectus
880 2546 1058 2635 moderari,
1074 2547 1117 2619 ad
1135 2546 1272 2644 legisla-

159 2662 284 2748 tionem
300 2662 526 2760 uerospcctet
544 2662 676 2736 civilem
693 2663 887 2763 prospicere
904 2663 1033 2736 actibus
1051 2663 1273 2738 exterioribus
1314 2712 1317 2719 ·

160 2776 370 2850 subditorum
390 2776 434 2849 ed
450 2777 576 2851 bonum
586 2779 775 2852 societatis.
794 2778 904 2879 Atque
919 2778 1086 2853 eiusmodi
1107 2796 1188 2853 sunt
1207 2780 1273 2878 'pa-

160 2889 308 2978 radoxa,
333 2918 421 2992 quae
446 2892 537 2991 apud
560 2893 673 2992 plures
698 2894 734 2965 in
760 2894 948 2994 praesentia
972 2894 1142 2981 obtinent,
1171 2920 1271 2994 quae

158 3031 227 3105 que
251 3003 381 3103 legibus
406 3007 590 3083 condendis
616 3008 767 3106 regulam
791 3008 965 3108 praebent.

229 3119 447 3215 Nobisuero'
465 3121 633 3199 licenter
656 3124 820 3198 hactenus
854 3124 925 3200 sive
956 3123 1165 3210 theoretice,
1198 3124 1272 3196 sive

159 3234 306 3332 practice
318 3235 514 3310 {constitutis
531 3237 747 3325 concludere,
763 3265 823 3337 per
836 3238 950 3312 civilia
966 3237 1123 3336 coniugia
1135 3237 1273 3313 omnino

158 3348 312 3446 derogari
338 3349 488 3423 firmitati
507 3350 696 3439 absolutae,
725 3360 787 3426 s'eu
810 3352 1098 3427 indissolubilitati
1123 3353 1271 3452 coniugii

158 3463 356 3552 christiani,
382 3464 518 3565 qualem
543 3492 663 3566 nempe
686 3466 792 3541 voluit
814 3466 971 3541 Christus
989 3467 1025 3539 in
1040 3466 1186 3541 ecclesia
1209 3494 1273 3542 sua

156 3602 233 3657 esse
258 3595 468 3678 perpetuam.
485 3581 555 3657 Hoc
575 3581 723 3680 prolecto
740 3609 806 3656 non
824 3583 1000 3680 ignorant,
1019 3583 1078 3682 qui
1095 3583 1272 3683 omniqua

156 3695 518 3792 possumindustriact
530 3696 657 3772 ratione
674 3724 868 3796 promovere
885 3709 1042 3798 satagunt
1059 3699 1167 3797 legem
1184 3699 1272 3772 adec

156 3809 380 3907 perniciosam
402 3812 444 3885 de
469 3813 679 3887 matrimonio
705 3814 817 3902 civili,
837 3831 871 3888 et
887 3817 1011 3889 nedum
1036 3815 1079 3897 ab
1105 3813 1271 3889 eiusmodi

155 3927 364 4003 consectario
388 3926 454 4027 legi
479 3929 546 4028 ipsi
572 3929 674 4005 insito
699 3957 765 4006 non
791 3931 991 4019 abhorrent,
1021 3958 1138 4006 verum
1169 3929 1270 4003 etiam

156 4065 231 4115 cam
265 4041 372 4139 legem
404 4059 576 4143 tamquam
608 4045 865 4122 instrumentum
899 4047 1088 4147 provehunt
1110 4047 1154 4120 ad
1179 4045 1272 4118 hunc

228 4228 280 4293 (aa)
297 4232 325 4280 ln
336 4245 377 4296 cp.
382 4235 532 4296 germanicar
541 4238 678 4302 Praecipio
686 4234 1080 4290 monumemtum
1090 4236 1271 4299 ctprctertcn·

161 4307 416 4364 transuersam
425 4315 526 4378 capu.
560 4366 563 4373 ,
1131 4317 1135 4325 ·
