2872 5062
309 349 377 401 car.
394 351 440 403 vt.
457 350 497 401 on
514 350 615 403 inser.
634 351 745 403 conrn.
760 354 798 402 nr
816 351 904 402 saca.
926 352 996 402 nur.
1015 356 1038 404 r.
1159 331 1228 409 tta

115 472 151 547 in
175 496 279 544 carne
303 495 383 544 una.
417 469 533 569 ltaque
559 471 625 543 iam
652 497 717 544 non
744 486 823 543 sunt
848 471 928 558 duo,
956 470 1015 544 sed
1042 495 1109 544 una
1133 496 1225 545 caro.

115 587 214 674 Quod
232 613 311 684 ergo
326 587 418 660 Deus
443 586 637 674 coniunxit,
666 586 766 660 horno
792 613 859 660 non
884 601 1035 685 separet3
1054 616 1071 654 n
1093 600 1125 658 θῖ
1141 586 1231 684 Apo-

71 706 80 715 ’“
113 702 221 777 stolus
244 701 269 774 l.
288 727 320 775 c.
339 727 378 775 wv.
400 703 444 774 30
474 726 570 801 seqq.
601 701 738 775 scribit:
774 702 942 801 «Propter
970 700 1035 775 hoe
1065 700 1232 800 relinquet

113 818 216 892 homo
229 832 359 917 patrem
380 831 413 889 et
428 831 568 889 matrem
593 844 708 904 suam,
735 831 768 890 et
785 816 981 890 adhaerebit
1005 817 1100 890 uxori
1126 842 1226 903 suae,

112 950 146 1007 θῖ
166 946 262 1006 erunt
278 932 345 1006 duo
363 931 517 1006 incarne
534 959 614 1006 una.
630 934 882 1006 Sacramentum
899 933 964 1006 hoc
981 959 1139 1029 magnum
1157 948 1225 1005 est:

112 1075 175 1147 ego
191 1063 302 1121 autem
320 1047 396 1121 dico
415 1047 452 1119 in
465 1047 599 1122 Christo
616 1064 649 1121 et
666 1048 700 1120 in
719 1048 898 1124 ecelesia.»
911 1050 950 1121 ln
962 1064 1103 1148 utroque
1116 1065 1228 1121 autem

112 1179 333 1237 textusermo
351 1177 402 1235 est
418 1164 462 1234 de
479 1162 605 1237 unione
626 1163 794 1261 coniugali
820 1164 1005 1262 primorum
1030 1177 1224 1262 parentum;

113 1305 190 1353 cum
217 1279 319 1376 igitur
343 1277 428 1351 haec
456 1279 556 1364 unio,
584 1278 639 1352 cui
672 1279 853 1352 intrinseca
885 1295 936 1353 est
967 1278 1228 1378 repraesentatio

111 1393 248 1467 unionis
268 1393 394 1466 Christi
411 1419 489 1467 cum
506 1395 650 1469 ecclesia
675 1395 830 1490 (loturae
855 1394 993 1494 quidem
1018 1393 1130 1493 quoad
1156 1419 1229 1493 pro

112 1524 321 1608 toparentes,
353 1508 420 1581 iam
445 1525 600 1608 peractae
623 1527 735 1584 autem
760 1510 872 1609 quoad
898 1536 960 1584 nos
973 1513 1001 1605 )‚
1022 1509 1109 1584 lacta
1125 1508 1227 1582 luerit

112 1624 247 1722 signum
273 1623 393 1697 efficax
413 1625 541 1721 gratiae
558 1652 618 1698 seu
636 1641 882 1699 sacramentum
900 1623 988 1698 inter
1003 1624 1225 1710 christianos,

111 1739 302 1813 necessario
333 1741 550 1840 consequitur
574 1767 640 1814 non
666 1740 759 1814 aliud
784 1767 860 1815 essa
884 1755 1106 1835 contractum,
1135 1738 1227 1812 aliud

111 1879 188 1929 vero
218 1870 466 1929 sacramentum
491 1856 527 1928 in
552 1856 812 1931 christianorum
846 1855 1035 1953 coniugiis,
1064 1854 1125 1928 sed
1150 1880 1228 1927 esse

113 1969 225 2069 ipsum
249 1985 455 2045 contractum
480 1972 587 2069 gratia
611 1988 745 2045 auctum
776 1987 809 2044 θῖ
832 1971 1021 2071 praeditum
1043 1996 1105 2070 per
1121 1969 1227 2042 Chri·

116 2100 224 2172 stum;
253 2110 316 2158 seu
341 2083 431 2185 quod
457 2084 547 2160 idem
572 2100 642 2172 est,
671 2085 889 2185 consequitur
910 2085 945 2156 in
968 2084 1227 2158 christianorum

113 2198 286 2296 coniugali
315 2200 470 2287 loedere,
505 2199 766 2300 inseparabilem
800 2227 937 2299 prorsus
963 2225 1040 2272 esse
1066 2198 1227 2271 rationem

113 2330 302 2388 contractus
327 2331 360 2388 et
384 2316 604 2403 sacramenti,
633 2342 694 2387 seu
719 2342 823 2387 unum
854 2315 1012 2414 idemque
1037 2339 1115 2388 esse
1139 2339 1227 2386 con·

81 2427 86 2461 ⁸
112 2434 253 2502 tractum
279 2444 311 2501 et
336 2436 592 2502 sacramentum.

182 2545 341 2644 Insuper:
367 2544 449 2617 illud
473 2529 590 2645 ipsum
614 2544 862 2618 matrimonium
888 2544 1011 2618 lactum
1037 2562 1090 2619 est
1112 2568 1227 2618 sacra·

110 2666 258 2735 mentum
276 2686 296 2732 a
313 2660 459 2748 Christo,
476 2661 567 2761 quod
579 2661 670 2734 Deus
687 2661 860 2734 constituit
871 2662 913 2734 ab
927 2664 1035 2734 initio.
1057 2664 1126 2734 lam
1148 2687 1227 2735 vero
1248 2738 1250 2742 ,

113 2774 196 2847 illud
211 2775 460 2849 matrimonium
478 2802 544 2849 nou
562 2775 654 2849 aliud
680 2776 741 2849 luit
762 2776 828 2849 nisi
855 2777 931 2876 ipsa
954 2792 1227 2878 protoparentum

114 2890 275 2967 maritalis
296 2889 486 2966 coniunctio
503 2892 650 2966 reserens
668 2892 812 2965 futuram
829 2891 955 2966 Christi
981 2919 1058 2966 cum
1082 2889 1227 2966 ecclesia

114 3006 412 3096 coniunctionem
442 3034 522 3106 ergo
551 3008 586 3080 in
616 3008 680 3081 hac
705 3007 849 3081 maritali
875 3008 1111 3082 coniunctione
1144 3008 1228 3080 ratio

113 3121 267 3196 amissit
283 3124 483 3198 sacramenti
497 3151 517 3196 a
531 3123 664 3197 Christo
677 3124 839 3223 instituti3
856 3138 956 3222 atque
973 3121 1097 3194 idcirco
1111 3121 1227 3194 eadem

111 3254 162 3312 θεῖ
177 3239 374 3340 utriusque,
394 3254 584 3313 contractus
601 3264 722 3338 nempe
746 3236 936 3335 coniugalis
953 3252 986 3311 θῖ
1003 3237 1223 3322 sacramenti,

114 3354 222 3437 ratio(
265 3356 268 3361 ’

182 3470 357 3544 Praeterea
377 3470 460 3543 illud
482 3471 594 3570 ipsum
612 3497 673 3568 per
689 3469 860 3542 Christum
878 3469 1001 3541 laetum
1020 3481 1071 3540 est
1088 3467 1223 3563 signum

111 3583 233 3684 officum
264 3584 411 3680 gratiae,
430 3606 501 3657 ¹seu
527 3582 662 3684 proprie
696 3599 941 3656 sacramentum
973 3608 1081 3656 novae
1109 3579 1224 3677 legis,

112 3697 307 3798 qucd‘ante
332 3699 404 3774 cius
430 3700 609 3774 adventum
622 3714 707 3802 ‚erat
732 3698 876 3800 simplex
907 3698 1041 3795 signum
1075 3696 1226 3798 piperati-

111 3840 210 3899 cum,
232 3813 281 3886 uti
300 3813 437 3888 scholae
454 3813 651 3914 loquuntur,
671 3812 808 3886 unionis
833 3812 959 3884 Christi
984 3837 1059 3885 cum
1085 3808 1228 3882 ecelesia

114 3953 198 4029 sua;
220 3943 321 4030 atque
337 3929 402 4004 hac
419 3929 462 4002 de
480 3956 583 4002 causa
601 3927 729 4028 passim
748 3955 768 4000 a
786 3928 937 4026 patribus
955 3925 1063 3998 latiori
1081 3923 1227 4023 quodam

112 4071 216 4121 sensu
233 4045 323 4121 dicta
341 4062 420 4119 sunt
437 4059 644 4118 sacramenta
659 4059 807 4118 veterum
825 4040 1013 4126 connubia,
1034 4066 1100 4113 non
1119 4036 1227 4111 solum

114 4159 351 4250 hebraeorum,
379 4159 619 4234 verumetiam
644 4174 682 4263 et!
701 4159 851 4258 ipsorum
877 4156 1110 4242 ethnicorum,
1144 4172 1228 4253 qua·

115 4289 228 4365 mnus,
251 4292 288 4349 ut
309 4276 476 4364 diximus,
505 4275 684 4348 inhaerens
698 4290 760 4386 ἱθεῖ
784 4273 860 4363 hoc¹
874 4271 1007 4368 signum
1033 4269 1102 4369 ipsi
1119 4267 1228 4359 'mari'-

727 4395 730 4401 ·
1132 4384 1154 4429 s
