2872 5062
304 379 372 435 cnr.
389 377 422 430 ι.
437 378 511 431 aar.
527 378 571 429 ιι.
588 377 707 432 rnaun.
725 378 899 440 urnruseur
916 378 1006 431 srnr.
1025 379 1126 433 aaran.
1210 357 1281 431 lit

157 500 244 580 dum
255 496 512 575 dissolutionem
531 497 652 571 horum
670 498 902 596 coniugiorum
920 498 1173 596 permisissent,
1188 500 1280 599 quod

161 631 483 714 tamennumquam
513 613 634 689 iactum
659 629 796 701 ast‚·ut
819 614 855 687 in
881 614 1050 710 coniugiis
1075 614 1275 689 infidelium.

163 734 198 803 2.
219 730 452 804 Patefecerunt
476 755 516 802 ex
541 729 761 826 denegatione
786 729 1032 805 benedictionis
1056 729 1223 829 nuptialis
1245 731 1280 805 in

154 861 305 946 ⁴utraque
328 844 473 923 ecclesia
497 845 678 935 secundis,
706 845 879 946 multoque
895 872 974 921 vero
991 845 1100 943 magis
1117 845 1224 922 tertiis
1241 873 1281 922 ac

162 959 379 1038 ulterioribus
404 959 550 1060 nuptiis,
568 975 607 1033 ut
618 976 665 1035 'ort
681 958 792 1037 allatis
806 960 1161 1059 documentis'pariter
1172 976 1281 1037 osten-

158 1076 279 1153 dimus¹
297 1080 387 1174 (tt).
409 1076 485 1163 Quo
500 1076 592 1151 enim
613 1076 722 1174 magis
742 1091 857 1176 patres
881 1076 1009 1175 primas
1030 1076 1168 1175 nuptias
1189 1102 1280 1154 aom—

160 1191 390 1280 mandabant,
424 1217 464 1267 eo
492 1191 650 1270 deteriori
679 1190 717 1271 in
745 1216 850 1264 censu
880 1189 1048 1281 secundas
1072 1190 1209 1289 nuptias
1238 1216 1282 1271 ac

160 1305 276 1381 tardas
302 1305 483 1382 habebant.
512 1305 680 1383 carebant
704 1305 875 1405 siquidem
905 1305 1074 1381 secundae
1098 1330 1138 1381 ac
1162 1305 1280 1381 tertiae

161 1421 301 1522 nuptae
312 1421 490 1510 omnibus,
508 1421 634 1522 quibus
651 1421 781 1521 primae
793 1420 1009 1499 condecorari
1021 1437 1278 1511 consueverunt,

158 1536 384 1623 ornamentis,
403 1536 570 1612 uelamine
587 1563 757 1637 purpureo
774 1537 916 1636 pudoris
934 1536 1088 1636 symbolo
1105 1560 1209 1637 supra
1219 1524 1282 1616 ,44-

160 1668 223 1752 put
250 1677 426 1752 expanso,
460 1651 717 1752 porrigebantur
742 1668 855 1727 autem
874 1677 1002 1727 manus
1026 1650 1192 1730 velamine
1220 1650 1282 1728 ob·

159 1766 299 1856 ducmo,
326 1794 368 1844 ac
391 1768 661 1844 destituebantur
684 1769 828 1845 coronis
849 1771 943 1864 (bi),
972 1794 1058 1866 quas
1083 1782 1203 1845 aureas
1228 1766 1281 1842 rel

159 1883 301 1982 myrtis,
339 1883 461 1982 appio,
488 1883 659 1981 granatis,
686 1883 806 1971 olivis,
831 1883 954 1959 aliisve
984 1881 1282 1961 suaveolentibus

160 1995 281 2074 herbis
311 1997 522 2099 floribusque
545 1998 663 2097 plexas
688 1997 799 2074 fausta
823 2014 979 2098 quaeque
1009 2013 1151 2098 precans
1184 1995 1282 2072 novis

158 2113 297 2212 sponsis
313 2112 507 2213 imponebat
524 2114 683 2190 sacerdos
696 2116 786 2209 (58).
804 2113 973 2191 carebant
984 2139 1121 2212 quoqne
1138 2111 1280 2191 solemni

158 2228 394 2305 benedictione
418 2229 584 2305 ecclesiae
605 2233 695 2326 (49),
712 2255 775 2303 nec
796 2255 873 2303 cum
899 2229 986 2329 ipsis
1002 2227 1182 2309 ,convivari
1205 2227 1282 2303 tice

157 2346 215 2422 bat
231 2346 399 2421 sacerdoti
415 2350 507 2443 (to);
529 2347 598 2420 imo
617 2361 651 2421 et
667 2346 773 2421 uariis
799 2346 919 2445 poenis
945 2344 1174 2420 mrdtabantur
1188 2346 1277 2440 (tt).

157 2463 263 2539 Nemo
287 2477 401 2536 tamen
426 2462 599 2563 negaverit
623 2461 792 2537 secundas
810 2462 875 2537 has
892 2461 1030 2560 nuptias
1047 2461 1098 2536 uti
1115 2460 1226 2536 licitas
1243 2466 1283 2535 ’44

159 2578 293 2654 ualidae
305 2610 322 2666 ‚¹
335 2593 368 2651 et
384 2604 465 2653 vera
481 2595 620 2679 rataque
644 2579 862 2653 matrimonia
878 2580 913 2652 in
936 2578 1023 2653 iacie
1043 2577 1211 2653 ecclesiae
1227 2602 1283 2652 ce

152 2857 155 2860 >
233 2836 285 2900 (444
298 2836 338 2888 ct
343 2835 546 2900 unumunurn
554 2838 727 2900 (4444444444
734 2817 910 2902 cnttqattotar
920 2833 1279 2899 momentanearum

161 2916 213 2968 vot
224 2918 267 2967 lx
279 2916 321 2968 nn.
332 2919 410 2968 xxti.
421 2915 445 2981 §
453 2919 487 2967 11.
497 2916 617 2975 Quibus
609 2917 810 2968 anoastdcsaltt
799 2918 991 2983 t·er(quamper
999 2914 1283 2995 benedictionemmert

153 2997 276 3061 potuerat
294 2996 450 3060 coniugium,
467 2997 542 3058 atque
557 2997 621 3046 inter
635 2998 728 3047 cataros
742 3011 813 3048 casm
825 2994 1090 3060 recenoetbigamiam‚
1102 2976 1280 3058 actrigamim'n

158 3074 337 3139 towns,
349 3087 414 3140 quae
424 3074 470 3126 etet
479 3087 537 3125 rara
547 3087 579 3125 ac
588 3077 642 3126 rata
651 3076 808 3127 matimonio
818 3075 983 3138 haberentur,
999 3074 1082 3124 minus
1093 3073 1175 3125 tumea
1191 3073 1280 3137 probr-

156 3155 492 3227 hatut‚adducttquacaa.
503 3157 559 3211 vu
570 3170 641 3209 conc.
653 3156 903 3211 neocaesariensis..
953 3164 957 3171 '
988 3177 992 3183 ·

231 3237 283 3303 (at)
296 3236 336 3287 ct.
344 3238 422 3287 conc.
433 3235 529 3286 mosera
538 3236 854 3300 Actionevlli.,Ephraem
866 3249 936 3299 syrus
947 3248 972 3285 ιιι
982 3234 1081 3287 aaran
1091 3236 1116 3285 ct
1124 3206 1282 3295 44444441·

158 3314 240 3368 ladius
256 3306 327 3369 not.
342 3310 492 3376 44444444·
508 3305 627 3379 4443ιί44
636 3317 706 3367 Hira
719 3315 763 3366 tib.
773 3316 817 3367 vl
829 3315 962 3380 Gregorrus
973 3318 1066 3369 Toron
1078 3306 1123 3366 tib
1135 3316 1156 3366 1.
1165 3328 1219 3379 cro.
1226 3314 1283 3378 44

157 3396 303 3453 Theodorus
314 3396 387 3458 Stati
401 3395 444 3455 44.
454 3398 475 3447 1.
485 3396 558 3459 epist.
568 3399 685 3449 444414
696 3397 889 3461 rutnaraeterea
899 3399 1042 3457 amatorem
1052 3392 1160 3461 plurimi
1172 3397 1221 3455 buc
1230 3408 1284 3460 w·

158 3478 262 3530 tinentia
274 3477 450 3529 coronatorum
460 3477 574 3540 exempla
584 3477 714 3528 habentur.
727 3476 858 3541 Gregorius
868 3481 990 3542 Nyssanus
998 3477 1182 3529 dehortaturi
1189 3479 1282 3536 mata,

161 3559 187 3609 et
202 3559 327 3624 Ephracm
345 3561 385 3609 De
406 3559 476 3608 orat
497 3559 633 3608 orationem
654 3556 800 3608 nubentium
820 3571 944 3609 coronam
964 3560 1072 3621 vocaut;
1095 3559 1163 3621 ipsae
1184 3556 1283 3620 nuptiae

150 3637 307 3690 uterentur
315 3645 453 3694 44444444
469 3630 646 3705 στεφάνωσις,
663 3641 707 3690 ant
725 3631 896 3704 στεφάνωμα,
914 3638 1034 3701 aaronque
1051 3639 1172 3688 44444444
1184 3641 1283 3699 στεφα-

156 3709 238 3768 rim
252 3719 314 3771 vid.
332 3718 454 3775 consum
470 3723 622 3787 Pombyrog.
637 3724 676 3772 Do
691 3722 837 3772 44444444.
848 3722 905 3770 ont.
917 3719 1021 3784 444444.
1032 3717 1076 3805 lib.
1088 3718 1108 3768 1.
1118 3723 1194 3768 444.
1207 3717 1281 3766 Goar.

158 3796 273 3850 4444441.
283 3813 308 3864 p
320 3806 375 3852 444.
386 3803 583 3866 uncangevoo.
596 3801 736 3852 coronant
748 3790 919 3865 4444444444

232 3876 287 3942 (ta)
301 3878 341 3930 ct.
350 3879 477 3931 theodor.
487 3880 578 3932 studit.
589 3878 633 3930 44.
645 3881 713 3944 444
723 3884 748 3930 4.

231 3956 284 4022 (aa)
298 3960 377 4011 coac.
387 3972 526 4013 4444444444.
535 3962 654 4012 convii,
662 3973 721 4011 cunr
731 3958 811 4010 schole
820 3959 976 4009 Balmmmta
985 3959 1011 4008 ot
1022 3961 1141 4009 4444444.

231 4038 283 4102 (oo)
299 4040 376 4092 conc.
385 4039 475 4091 laodic.
483 4043 566 4091 can.1.
573 4039 660 4091 Basilii
667 4041 795 4090 cunm.
802 4052 859 4090 cum
867 4034 1282 4099 macinarummaaoamntuar.

152 4128 181 4166 c.
192 4118 340 4168 timete
351 4116 460 4170 (4444444
469 4122 509 4169 Dc
518 4117 646 4170 44444444-
655 4120 766 4183 nuptae
775 4120 876 4170 Bonnao
886 4124 954 4171 4444.
963 4128 1019 4181 pag,
1032 4122 1068 4167 ts.
1081 4121 1121 4166 44.

233 4197 285 4261 (ot)
299 4197 340 4249 ct.
352 4199 413 4250 Ktee
425 4211 467 4263 op,
478 4192 582 4251 4444444
592 4210 643 4250 non
651 4200 770 4250 Martene.
782 4202 822 4249 Dr
831 4200 917 4263 antiq,
929 4197 1018 4248 444444.
1031 4195 1105 4246 rtttb.

230 4277 375 4329 Notandum
384 4293 459 4344 porro
470 4281 508 4330 est
517 4279 717 4344 plerosquoritus
725 4279 751 4329 in
759 4280 864 4342 utraque
871 4277 974 4328 ecclesia
982 4275 1096 4327 orientali
1105 4275 1131 4326 et
1139 4273 1286 4326 occidentali

162 4352 1283 4429 moennaptunnmmnuranmammrmuitennwtmerarmoer
