2872 5062
299 380 368 428 aar.
391 377 427 426 ιι.
449 377 487 426 ιι
513 377 607 426 utra.
624 377 687 427 civ.
705 377 789 428 onia.
812 380 849 428 rr
867 378 978 429 rnoan.
999 381 1070 431 aar.
1093 381 1127 431 ιι.
1207 360 1273 432 271

164 498 289 571 Contra
315 521 393 570 vero
419 496 454 566 in
474 495 618 568 ecclesia
636 495 802 569 catholica
818 523 859 569 ex
877 496 955 570 fidei
975 498 1164 597 principio,
1185 501 1277 600 quod

164 613 415 687 matrimonium
439 613 700 686 christianorum
721 614 765 686 sit
781 639 859 686 rere
876 631 909 687 et
926 616 1061 714 proprie
1086 641 1279 691 sacramen-

165 748 236 802 tum
255 755 275 801 a
291 727 439 824 legitimo
463 742 634 800 contractu
658 728 908 828 inseparabile,
937 729 1036 803 litut
1060 731 1148 803 sacri
1174 756 1277 831 appa·

166 859 260 917 ratus
286 843 433 940 religiosi
461 841 611 916 delectus
636 842 722 914 nihil
748 845 872 917 officiat
896 847 1096 919 sacramenti
1121 847 1274 933 veritati,

164 961 222 1033 uhi
242 960 427 1033 celebretur
444 959 487 1032 iis
506 960 541 1030 in
559 958 661 1046 locis,
680 960 853 1058 inquibus
871 961 1087 1035 tridentinum
1107 963 1277 1036 decretum

162 1077 205 1148 de
231 1076 400 1173 coniugiis
432 1075 652 1148 clandestinis
687 1075 894 1174 publicatum
920 1102 986 1151 non
1012 1094 1087 1163 est;
1116 1078 1173 1150 ubi
1198 1104 1278 1152 vero

163 1191 412 1290 promulgatum
436 1191 552 1278 luerit,
581 1191 771 1290 praesentia
792 1192 930 1290 parochi
952 1194 1132 1293 requiritur
1148 1210 1185 1266 ut
1201 1219 1278 1266 con·

164 1308 248 1381 ditio
275 1308 351 1379 sine
376 1333 444 1405 qua
470 1306 655 1379 invalidum
681 1307 719 1378 fit
744 1323 813 1379 tum
839 1308 903 1380 sub
929 1309 1057 1381 ratione
1086 1323 1276 1383 contractus

163 1438 233 1495 tum
258 1422 323 1495 sub
344 1423 474 1495 ratione
492 1423 704 1509 sacramenti,
722 1437 821 1521 prout
843 1423 877 1493 in
897 1424 1006 1523 prima
1025 1424 1127 1497 huius
1154 1440 1277 1498 tracta-

164 1537 265 1610 tionis
303 1537 451 1610 sectione
484 1537 728 1634 exposuimus,
756 1563 796 1610 ac
826 1565 1003 1636 numquam
1036 1538 1145 1612 locum
1177 1538 1279 1614 habet

163 1668 353 1727 contractus
379 1679 439 1725 seu
465 1650 715 1725 matrimonium
741 1680 830 1726 mere
855 1654 965 1727 civile.

237 1770 375 1842 interim
400 1794 439 1840 ex
465 1769 565 1841 dictis
590 1769 804 1865 colligimus,
834 1772 868 1841 in
894 1771 1060 1868 coniugiis
1093 1787 1277 1871 protestan-

166 1885 250 1957 tium
275 1883 323 1954 nil
350 1883 442 1955 aliud
461 1883 613 1981 reperiri,
634 1884 700 1955 nisi
720 1883 828 1956 solum
854 1880 1062 1958 contractum
1088 1884 1274 1959 naturalem

161 2015 195 2074 et
219 1998 354 2073 civilem
368 2015 461 2071 iuxta
473 1999 680 2085 doctrinam,
702 2025 803 2098 quarn
822 2000 890 2098 ipsi
908 2001 951 2073 de
967 2003 1179 2075 matrimonio
1197 2029 1275 2102 pro-

161 2115 310 2190 fitentur.
340 2114 538 2210 Colligimus
557 2115 696 2213 insuper
713 2115 856 2213 primam
875 2116 1106 2212 coniugiorum
1124 2116 1273 2190 civilium

159 2230 325 2327 originem
340 2255 379 2301 ex
393 2229 457 2302 hac
471 2229 623 2301 doctrina
634 2229 732 2301 unice
746 2255 822 2302 esse
839 2229 1070 2327 repetendam,
1086 2256 1162 2303 cum
1180 2231 1274 2330 prius

160 2347 252 2446 apud
266 2346 470 2419 christianos
483 2360 597 2418 essent
609 2340 743 2443 penitus
757 2346 881 2442 ignota.
891 2346 940 2416 Ex
954 2344 1017 2418 hoc
1030 2345 1120 2419 lonte
1133 2348 1275 2446 pseudo

160 2461 290 2561 politici
319 2486 415 2533 suam
441 2461 635 2564 derivarunt
660 2460 822 2533 theoriam
848 2461 891 2532 de
916 2460 1129 2534 matrimonio
1153 2462 1271 2550 civili,

161 2603 267 2678 quum
287 2593 399 2650 tamen
416 2577 666 2649 matrimonium
693 2592 937 2650 sacramentum
955 2602 1115 2649 essenon
1133 2593 1270 2674 negent,

163 2695 199 2765 in
219 2693 410 2766 subsidium
430 2692 645 2765 adsciverunt
662 2692 912 2766 distinctionem
929 2693 1017 2766 inter
1029 2713 1274 2767 sacramentum

161 2823 195 2882 et
208 2825 410 2919 contractum
424 2835 507 2908 pure
519 2808 666 2904 civilem,
681 2825 783 2907 atque
800 2809 846 2882 ita
864 2808 1134 2908 protestanticam
1151 2809 1275 2883 doctri·

161 2989 243 3040 iusvis
252 2992 329 3040 sectae
338 2992 368 3040 ab
379 2989 506 3053 anglicana
513 2990 617 3052 separati
628 2990 809 3051 communione,
817 2990 958 3053 praesertim
967 2989 1168 3052 reroQuacqneri
1178 2988 1275 3039 nonnisi

159 3084 245 3135 aegre,
260 3084 288 3120 ac
298 3073 463 3136 rcpuqucnte
477 3060 595 3134 ipsorum
610 3072 769 3120 conscicntia
785 3083 811 3120 se
825 3071 937 3121 sisterent
950 3071 981 3120 ad
992 3069 1140 3120 connubium
1151 3069 1274 3119 celebran-

158 3152 221 3202 dum
230 3164 314 3203 coram
325 3153 438 3203 ministro
449 3151 589 3214 anglicano,
599 3151 710 3214 adeoque
721 3151 880 3201 reclamarent
888 3153 973 3201 contra
982 3151 1048 3200 huuc
1056 3149 1117 3212 legis
1126 3149 1273 3213 articulum,

161 3216 283 3284 Robertus
302 3233 358 3282 Peel
374 3233 502 3297 proposuit
516 3232 710 3282 emendationem
726 3231 834 3282 eiusdem
848 3231 922 3294 legis,
934 3231 969 3280 ita
982 3232 1161 3280 attererentur
1176 3232 1273 3281 tantum

159 3312 311 3376 quicumque
326 3312 423 3362 sectarii
440 3325 522 3361 coram
536 3311 680 3374 magistratu
692 3311 760 3360 civili
776 3311 807 3360 ad
824 3311 870 3361 hoc
886 3310 1021 3361 constituto
1036 3323 1181 3361 consensum
1200 3303 1272 3362 suurn

158 3391 284 3458 praebere,
296 3394 321 3442 et
337 3392 373 3443 ric
389 3391 547 3442 matrimonio
560 3391 688 3454 conirrngi,
703 3394 850 3455 possentque
869 3393 994 3454 praeterea
1014 3404 1096 3442 coram
1115 3404 1272 3456 quocumque

155 3473 274 3533 ministro
289 3475 416 3536 praesente
434 3486 555 3525 unacum
568 3473 712 3536 magistratu
724 3472 749 3523 id
765 3473 846 3536 ipsum
857 3471 961 3522 eiicere.
977 3471 1099 3522 catholici
1115 3485 1174 3522 vero
1190 3485 1273 3523 coram

158 3552 288 3603 sacerdote
306 3555 331 3602 et
353 3553 506 3616 magistratu.
523 3552 583 3602 Post
604 3552 678 3602 trium
699 3565 819 3601 annorum
840 3550 1030 3615 discussionem,
1042 3551 1192 3602 taudeman.
1203 3555 1272 3603 1837.

157 3633 281 3684 eiusmodi
296 3633 357 3696 legis
369 3632 507 3683 emendatio
521 3633 627 3684 admissa
641 3635 678 3684 est
689 3646 718 3684 ac
729 3632 840 3696 probata.
852 3636 982 3696 progressu
996 3633 1113 3697 temporis
1122 3633 1272 3684 deciaratum

158 3715 286 3776 praeterea
293 3714 344 3775 est,
353 3715 380 3761 ut
387 3714 487 3776 posunt
497 3713 669 3763 contrahentes
679 3714 747 3776 prius
756 3725 844 3762 nomen
852 3713 911 3763 dare
920 3712 1083 3776 magistratui,
1094 3714 1122 3762 ut
1130 3712 1272 3762 inscribere

157 3793 199 3841 tur
218 3790 324 3855 publicis
340 3791 445 3854 tabuiis,
464 3794 546 3855 postea
556 3806 615 3843 vero
628 3791 750 3842 celebrare
763 3791 903 3855 coniugium
917 3792 969 3841 sira
980 3804 1064 3841 coram
1081 3790 1273 3854 uniuscuiusque

136 3896 139 3904 ·
157 3871 240 3920 sectae
251 3869 378 3932 ministro,
391 3870 443 3921 sive
456 3883 539 3922 coram
550 3871 675 3922 sacerdote
687 3870 820 3933 catholico,
834 3870 855 3920 si
868 3869 893 3919 id
904 3871 964 3934 ipsis
981 3871 1098 3921 arriserit.
1111 3872 1202 3920 Auctor
1214 3869 1273 3933 op'u·

156 3949 221 4001 sculi
234 3949 308 4002 suile
320 3951 387 4016 leuat
397 3952 472 4002 civili
482 3952 528 4003 cite
536 3951 700 4016 riquardum
710 3952 732 4002 il
742 3954 908 4002 matrimonio
918 3950 1093 4002 de'crtatiunt.
1102 3950 1192 4002 ranno
1205 3956 1272 4001 1851.

156 4044 213 4094 pag.
228 4037 258 4080 86
269 4044 337 4094 seqq.
358 4032 462 4082 rounam
477 4034 584 4098 coniugii
602 4033 682 4085 civilis
693 4032 781 4096 anglici
790 4031 973 4096 diligentissime
981 4031 1096 4095 exponit,
1113 4043 1176 4094 quae
1204 4042 1271 4080 revo-

159 4111 249 4161 cantur
258 4111 290 4160 ad
298 4125 391 4162 meram
404 4112 586 4177 inscriptionem
597 4114 689 4178 proprii
702 4113 808 4163 nominis
818 4113 843 4162 in
854 4112 945 4163 tabuiis
957 4111 1070 4176 publicis.
1079 4111 1158 4174 Atque
1168 4110 1228 4160 haec
1237 4111 1274 4160 est

159 4188 286 4252 praeclara
302 4190 395 4253 torma,
412 4206 486 4255 quarn
502 4193 603 4256 quidam
617 4192 776 4256 Anglophiius
790 4192 824 4243 ad
838 4191 918 4242 sidera
929 4191 1001 4245 effert
1011 4191 1037 4240 in
1049 4190 1156 4246 comitiis
1168 4189 1272 4253 aucupi·

161 4269 218 4334 nis,
233 4283 337 4335 eamque
350 4272 455 4336 praefert
469 4273 615 4337 legislationi
631 4273 739 4335 gallicae.
752 4272 789 4322 ct.
804 4274 913 4324 Comere
924 4270 1097 4335 de'depututi.
1112 4271 1219 4320 Tornata
1232 4269 1271 4353 ¹diqi

162 4357 182 4399 1.
195 4349 285 4412 anglio
301 4358 369 4404 1852.
381 4365 436 4416 pag.
448 4357 502 4404 641.
521 4354 568 4403 coi.
579 4362 601 4404 3.
859 4363 862 4368 “
1256 4358 1260 4364 ’
