2872 5062
331 370 398 419 Cdl'·
422 369 468 418 lll.
491 370 530 418 lte
552 369 683 420 lld'l'lllll.
705 369 817 420 ulvius
843 371 932 421 Lude.
955 373 1025 421 aas.
1049 374 1095 422 lll.
1202 351 1270 422 313

231 488 267 558 Si
294 503 470 586 propterea
496 487 631 586 publica
660 514 699 559 ac
725 487 927 562 universalis
958 491 1073 588 opinio
1097 491 1181 563 adeo
1207 520 1278 566 ma-

159 603 280 676 nifeste
305 629 343 677 se
368 603 535 702 proditae
552 603 669 700 patefit
693 618 809 676 contra
834 604 1000 678 eiusmodi
1025 605 1140 678 civilia
1161 608 1278 680 coniu-

158 719 234 816 gia,
253 744 365 791 nonne
384 744 536 792 summae
553 735 604 790 est
622 719 888 817 imprudentiae,
909 720 1032 794 addam
1049 738 1083 795 et
1099 722 1277 822 impuden-

160 835 228 907 tiae
245 835 490 934 perfrictaeque
508 834 627 908 frontis
649 834 735 908 velle
753 836 863 935 ipsam
881 836 1005 921 adoriri
1019 862 1058 911 ac
1070 839 1279 937 provocare?

158 950 374 1037 Nonnehaec
392 949 516 1047 agendi
535 950 619 1023 ratio
637 950 872 1049 quadantenus
895 951 1062 1028 insaniam
1076 979 1116 1025 ac
1128 952 1275 1026 furorem

158 1065 303 1163 sapit,et
315 1090 457 1162 prorsus
471 1065 680 1165 antipolitica
693 1065 766 1138 est?
778 1066 846 1140 Nec
856 1069 991 1153 coneris,
1009 1068 1278 1167 inquitScriptu-

157 1206 213 1266 ra,
234 1194 346 1252 contro
363 1182 463 1252 t'ctcm
480 1181 579 1279 fluvii
599 1183 630 1277 (1
640 1183 689 1276 l).
706 1181 879 1280 Siquidem
899 1183 972 1254 fieri
989 1183 1127 1268 omnino
1145 1185 1276 1282 nequit,-

156 1311 198 1369 ut
218 1322 260 1368 ea
284 1295 491 1395 praevaleat,
520 1323 560 1369 ac
585 1296 651 1369 sibi
677 1323 744 1370 non
770 1315 921 1371 accersat
945 1299 1090 1386 ruinam.

230 1410 410 1484 lloliantur
436 1412 582 1485 tamdem
607 1438 647 1485 ac
672 1412 797 1486 saciant
823 1413 991 1512 quidquid
1012 1414 1108 1491 ¹lubet
1127 1416 1274 1514 pseudo-

158 1523 309 1623 politici,
346 1550 530 1625 numquam
556 1552 597 1601 eo
622 1528 833 1625 pervenient,
861 1544 900 1601 ut
924 1527 1013 1605 hanc
1037 1546 1271 1618 constantem,

157 1657 308 1730 tenacem
327 1641 528 1740 firmamque
545 1643 738 1741 opinionem
751 1643 958 1732 convellant,
973 1645 1121 1734 vincant,
1143 1661 1202 1718 aut
1219 1673 1277 1719 su-

159 1772 290 1856 perent.
315 1756 406 1829 Haeo
425 1757 534 1830 inuret
551 1785 685 1858 semper
702 1785 742 1850 ac
759 1760 881 1856 iugiter
898 1759 1142 1859 reprobationis
1161 1777 1274 1835 notam

159 1870 353 1947 istiusmodi
370 1872 456 1971 legi,
477 1890 578 1972 atque
596 1874 722 1947 idcirco
739 1874 1011 1973 imprudentibus
1032 1876 1184 1949 eiusdem
1202 1877 1277 1949 lau-

158 1987 289 2075 toribus
303 2015 342 2061 ac
356 1990 604 2087 promotoribus
617 1990 651 2060 in
666 2015 777 2062 seram
795 1992 1163 2090 usque‘posteritatem.
1186 1992 1274 2066 Certi

157 2103 462 2203 hiessepossunt
486 2104 529 2176 de
555 2105 691 2204 proprio
717 2106 852 2178 nomine
878 2106 912 2177 in
937 2105 1097 2179 infamiae
1122 2105 1199 2180 albo
1224 2107 1278 2178 in·

156 2218 296 2317 mm

233 2333 1275 2435 QmmfflmmmmffiMmmmmmmn

156 2449 320 2549 tipolitica
339 2451 529 2547 detegitur,
550 2450 642 2550 quod
660 2451 715 2523 via
733 2451 777 2524 sit
794 2451 838 2523 ed
855 2450 1030 2524 infandam
1057 2477 1187 2524 morum
1202 2477 1276 2540 cor·¹

157 2565 364 2666 ruptionem,
393 2593 460 2640 non
487 2566 700 2665 personalem
726 2566 843 2652 modo,
870 2567 1112 2640 verumetiam
1142 2568 1276 2657 univer:

156 2681 276 2754 salem.
293 2682 332 2753 ld
354 2682 449 2754 enim
471 2682 663 2755 necessario
688 2682 857 2780 continget
876 2681 939 2756 sub
961 2682 1095 2757 diverso
1118 2698 1274 2782 respectu

158 2810 230 2869 tum
254 2795 442 2884 indirecte,
471 2813 543 2869 tum
568 2797 705 2870 directe.

187 2939 190 2945 ¹
232 2912 396 2986 Indirecte
414 2911 466 2985 lex
484 2913 550 2985 ista
563 2913 713 2987 moribus
734 2912 880 3012 publicis
898 2929 1099 2988 nocumento
1116 2930 1183 3000 est,
1204 2939 1276 2986 eos-

157 3055 225 3127 que
254 3028 381 3101 emollit
402 3045 435 3101 et
456 3043 613 3116 enervat,
647 3044 814 3127 quatenus
849 3028 997 3125 seiungit
1016 3029 1222 3126 ,coniugium
1253 3055 1274 3100 a

158 3145 339 3242 religione,
356 3172 444 3244 quae
457 3145 529 3219 sola
550 3172 628 3218 vera
650 3145 751 3217 tutrix
764 3160 828 3232 est,
844 3145 1032 3244 efficaxque
1052 3161 1166 3219 custos
1194 3145 1274 3217 fide·

157 3259 264 3333 litatis
282 3259 470 3357 coniugalis
488 3286 528 3332 ec
546 3259 745 3333 honestatis.
763 3260 798 3330 Si
811 3260 902 3332 Deus
920 3258 1076 3355 coniugio
1093 3285 1160 3332 non
1179 3285 1275 3358 prae-

157 3374 265 3461 sidet,
294 3374 324 3446 si
351 3375 452 3447 immo
477 3373 526 3468 ab*
546 3374 610 3446 hac
636 3373 870 3447 coniunctione
895 3373 1099 3461 excluditur,
1122 3391 1222 3472 prout
1239 3373 1277 3445 fit

138 3490 192 3561 .iu
219 3490 432 3564 matrimonio
457 3516 548 3562 mere
573 3489 682 3576 civili,
711 3489 860 3588 prolecto
881 3491 1089 3589 praesumpti
1115 3491 1276 3586 coniuges

158 3604 1277 3704 mmmmmmmmmmmmmwmwm

157 3747 178 3792 a
199 3721 549 3817 transgressionibus,
571 3746 660 3819 quae
678 3718 760 3791 illud
779 3719 927 3812 foedant.
948 3720 1056 3819 quue
1080 3735 1275 3816 argumento

155 3836 247 3934 quod
274 3835 397 3909 dicitur
422 3862 442 3907 a
470 3836 591 3908 minori
618 3834 661 3908 ad
686 3834 797 3908 maius
822 3835 1058 3920 confirmatur,
1088 3834 1223 3906 namsi
1250 3833 1272 3903 ii

158 3949 245 4048 ipsi,
276 3950 335 4049 qui
361 3967 477 4023 mutuo
503 3951 594 4048 apud
621 3950 726 4022 altare
743 3950 969 4048 promiserunt
994 3974 1034 4021 ac
1059 3949 1210 4020 iurarunt
1227 3947 1276 4018 in·

154 4062 349 4166 violabilem
373 4063 585 4153 fidelitatem,
607 4081 718 4138 temen
736 4063 803 4136 heu
817 4089 920 4163 saepe
933 4063 1034 4137 nimis
1048 4062 1140 4135 illam
1154 4062 1274 4134 infrin-

156 4197 256 4276 gunt,
278 4180 543 4280 turpissimeque
560 4207 634 4253 eam
652 4181 805 4268 foedant,
827 4180 989 4280 quidnam
1003 4179 1066 4251 erit
1083 4178 1126 4250 de
1138 4177 1195 4265 iis,
1215 4167 1274 4275 qui

167 4316 478 4413 4(ιωεωιωα.
