<?xml version="1.0" encoding="UTF-8"?>
<!DOCTYPE html PUBLIC "-//W3C//DTD XHTML 1.0 Transitional//EN"
    "http://www.w3.org/TR/xhtml1/DTD/xhtml1-transitional.dtd">
<html xmlns="http://www.w3.org/1999/xhtml" xml:lang="en" lang="en">
 <head>
  <title>
</title>
<meta http-equiv="Content-Type" content="text/html;charset=utf-8" />
  <meta name='ocr-system' content='tesseract 3.04.00' />
  <meta name='ocr-capabilities' content='ocr_page ocr_carea ocr_par ocr_line ocrx_word'/>
</head>
<body>
  <div class='ocr_page' id='page_1' title='image "./dematrimoniochr00perrgoog_0374.png"; bbox 0 0 2872 5062; ppageno 0'>
   <div class='ocr_carea' id='block_1_1' title="bbox 283 361 1276 432">
    <p class='ocr_par' dir='ltr' id='par_1_1' title="bbox 283 361 1276 432">
     <span class='ocr_line' id='line_1_1' title="bbox 283 361 1276 432; baseline -0.002 0"><span class='ocrx_word' id='word_1_1' title='bbox 283 379 666 432; x_wconf 58' lang='lat' dir='ltr'>centumuirorum</span> <span class='ocrx_word' id='word_1_2' title='bbox 684 366 816 429; x_wconf 78' lang='lat' dir='ltr'>trenta</span> <span class='ocrx_word' id='word_1_3' title='bbox 826 366 1004 429; x_wconf 75' lang='lat' dir='ltr'>mmor.</span> <span class='ocrx_word' id='word_1_4' title='bbox 1021 381 1092 431; x_wconf 77' lang='lat' dir='ltr'>arr.</span> <span class='ocrx_word' id='word_1_5' title='bbox 1106 384 1128 430; x_wconf 93' lang='lat' dir='ltr'>r.</span> <span class='ocrx_word' id='word_1_6' title='bbox 1208 361 1276 432; x_wconf 72' lang='lat' dir='ltr'>bbb</span> 
     </span>
    </p>
   </div>
   <div class='ocr_carea' id='block_1_2' title="bbox 118 497 1355 2555">
    <p class='ocr_par' dir='ltr' id='par_1_2' title="bbox 118 497 1278 1056">
     <span class='ocr_line' id='line_1_2' title="bbox 165 497 1277 601; baseline 0.003 -28"><span class='ocrx_word' id='word_1_7' title='bbox 165 503 280 573; x_wconf 91' lang='lat' dir='ltr'>minus</span> <span class='ocrx_word' id='word_1_8' title='bbox 303 498 427 571; x_wconf 89' lang='lat' dir='ltr'>malum</span> <span class='ocrx_word' id='word_1_9' title='bbox 455 497 660 601; x_wconf 90' lang='lat' dir='ltr'>permitteret</span> <span class='ocrx_word' id='word_1_10' title='bbox 686 524 745 570; x_wconf 90' lang='lat' dir='ltr'>seu</span> <span class='ocrx_word' id='word_1_11' title='bbox 770 497 924 570; x_wconf 84' lang='lat' dir='ltr'><strong>toleraret</strong></span> <span class='ocrx_word' id='word_1_12' title='bbox 950 499 1209 574; x_wconf 85' lang='lat' dir='ltr'>concubinatum</span> <span class='ocrx_word' id='word_1_13' title='bbox 1235 504 1277 575; x_wconf 86' lang='lat' dir='ltr'>ad</span> 
     </span>
     <span class='ocr_line' id='line_1_3' title="bbox 118 612 1278 712; baseline -0.002 -20"><span class='ocrx_word' id='word_1_14' title='bbox 118 685 120 692; x_wconf 75' lang='grc'><strong>,</strong></span> <span class='ocrx_word' id='word_1_15' title='bbox 165 614 359 690; x_wconf 82' lang='lat' dir='ltr'>evitandum</span> <span class='ocrx_word' id='word_1_16' title='bbox 372 614 483 687; x_wconf 91' lang='lat' dir='ltr'>mains</span> <span class='ocrx_word' id='word_1_17' title='bbox 497 613 636 698; x_wconf 91' lang='lat' dir='ltr'>malum.</span> <span class='ocrx_word' id='word_1_18' title='bbox 649 612 690 686; x_wconf 84' lang='lat' dir='ltr'>ht</span> <span class='ocrx_word' id='word_1_19' title='bbox 703 614 781 712; x_wconf 92' lang='lat' dir='ltr'>quis</span> <span class='ocrx_word' id='word_1_20' title='bbox 796 641 861 686; x_wconf 93' lang='lat' dir='ltr'>non</span> <span class='ocrx_word' id='word_1_21' title='bbox 882 615 1091 688; x_wconf 83' lang='lat' dir='ltr'>horresceret</span> <span class='ocrx_word' id='word_1_22' title='bbox 1108 616 1151 688; x_wconf 91' lang='lat' dir='ltr'>ad</span> <span class='ocrx_word' id='word_1_23' title='bbox 1161 618 1278 690; x_wconf 87' lang='lat' dir='ltr'>solam</span> 
     </span>
     <span class='ocr_line' id='line_1_4' title="bbox 163 728 1277 826; baseline 0.001 -23"><span class='ocrx_word' id='word_1_24' title='bbox 163 731 434 804; x_wconf 85' lang='lat' dir='ltr'>enunciationem</span> <span class='ocrx_word' id='word_1_25' title='bbox 459 728 544 826; x_wconf 90' lang='lat' dir='ltr'>legis</span> <span class='ocrx_word' id='word_1_26' title='bbox 570 729 613 800; x_wconf 93' lang='lat' dir='ltr'>de</span> <span class='ocrx_word' id='word_1_27' title='bbox 639 730 853 800; x_wconf 73' lang='lat' dir='ltr'>concubinatu</span> <span class='ocrx_word' id='word_1_28' title='bbox 872 730 991 802; x_wconf 76' lang='lat' dir='ltr'>ctottt?</span> <span class='ocrx_word' id='word_1_29' title='bbox 1013 732 1116 804; x_wconf 91' lang='lat' dir='ltr'>Nemo</span> <span class='ocrx_word' id='word_1_30' title='bbox 1136 747 1224 806; x_wconf 88' lang='lat' dir='ltr'>certo</span> <span class='ocrx_word' id='word_1_31' title='bbox 1242 735 1277 804; x_wconf 92' lang='lat' dir='ltr'>in</span> 
     </span>
     <span class='ocr_line' id='line_1_5' title="bbox 163 845 1277 946; baseline 0 -26"><span class='ocrx_word' id='word_1_32' title='bbox 163 847 309 920; x_wconf 89' lang='lat' dir='ltr'>comitiis</span> <span class='ocrx_word' id='word_1_33' title='bbox 324 845 514 943; x_wconf 84' lang='lat' dir='ltr'>subalpinis</span> <span class='ocrx_word' id='word_1_34' title='bbox 527 845 665 918; x_wconf 85' lang='lat' dir='ltr'>auderet</span> <span class='ocrx_word' id='word_1_35' title='bbox 682 846 847 918; x_wconf 89' lang='lat' dir='ltr'>eiusmodi</span> <span class='ocrx_word' id='word_1_36' title='bbox 868 846 974 942; x_wconf 89' lang='lat' dir='ltr'>legem</span> <span class='ocrx_word' id='word_1_37' title='bbox 992 874 1178 946; x_wconf 89' lang='lat' dir='ltr'>proponere</span> <span class='ocrx_word' id='word_1_38' title='bbox 1197 876 1277 922; x_wconf 91' lang='lat' dir='ltr'>san-</span> 
     </span>
     <span class='ocr_line' id='line_1_6' title="bbox 164 962 424 1056; baseline -0.012 -22"><span class='ocrx_word' id='word_1_39' title='bbox 164 962 318 1035; x_wconf 89' lang='lat' dir='ltr'>ciendam</span> <span class='ocrx_word' id='word_1_40' title='bbox 335 964 424 1056; x_wconf 76' lang='grc'><strong>(211).</strong></span> 
     </span>
    </p>

    <p class='ocr_par' dir='ltr' id='par_1_3' title="bbox 161 1076 1277 1518">
     <span class='ocr_line' id='line_1_7' title="bbox 236 1076 1277 1178; baseline 0.003 -30"><span class='ocrx_word' id='word_1_41' title='bbox 236 1077 360 1174; x_wconf 79' lang='lat' dir='ltr'>Igitur,</span> <span class='ocrx_word' id='word_1_42' title='bbox 390 1093 427 1148; x_wconf 89' lang='lat' dir='ltr'>ut</span> <span class='ocrx_word' id='word_1_43' title='bbox 451 1077 518 1149; x_wconf 87' lang='lat' dir='ltr'>iam</span> <span class='ocrx_word' id='word_1_44' title='bbox 552 1091 786 1174; x_wconf 79' lang='lat' dir='ltr'>argumentum</span> <span class='ocrx_word' id='word_1_45' title='bbox 804 1077 869 1149; x_wconf 90' lang='lat' dir='ltr'>hoo</span> <span class='ocrx_word' id='word_1_46' title='bbox 890 1076 1126 1163; x_wconf 83' lang='lat' dir='ltr'>absolvamus,</span> <span class='ocrx_word' id='word_1_47' title='bbox 1158 1104 1277 1178; x_wconf 86' lang='lat' dir='ltr'>perpe-</span> 
     </span>
     <span class='ocr_line' id='line_1_8' title="bbox 163 1190 1276 1288; baseline 0.004 -26"><span class='ocrx_word' id='word_1_48' title='bbox 163 1217 234 1263; x_wconf 88' lang='lat' dir='ltr'>ram</span> <span class='ocrx_word' id='word_1_49' title='bbox 252 1207 344 1263; x_wconf 89' lang='lat' dir='ltr'>tanta</span> <span class='ocrx_word' id='word_1_50' title='bbox 362 1203 438 1262; x_wconf 91' lang='lat' dir='ltr'>cum</span> <span class='ocrx_word' id='word_1_51' title='bbox 465 1192 674 1264; x_wconf 86' lang='lat' dir='ltr'>contentione</span> <span class='ocrx_word' id='word_1_52' title='bbox 700 1190 844 1263; x_wconf 90' lang='lat' dir='ltr'>adducta</span> <span class='ocrx_word' id='word_1_53' title='bbox 871 1208 922 1264; x_wconf 89' lang='lat' dir='ltr'>est</span> <span class='ocrx_word' id='word_1_54' title='bbox 939 1218 959 1263; x_wconf 92' lang='lat' dir='ltr'>a</span> <span class='ocrx_word' id='word_1_55' title='bbox 976 1191 1062 1288; x_wconf 92' lang='lat' dir='ltr'>legis</span> <span class='ocrx_word' id='word_1_56' title='bbox 1089 1192 1276 1266; x_wconf 81' lang='lat' dir='ltr'>fautoribus</span> 
     </span>
     <span class='ocr_line' id='line_1_9' title="bbox 163 1304 1276 1404; baseline 0.004 -28"><span class='ocrx_word' id='word_1_57' title='bbox 163 1307 298 1377; x_wconf 79' lang='lat' dir='ltr'>libertos</span> <span class='ocrx_word' id='word_1_58' title='bbox 327 1307 539 1376; x_wconf 75' lang='lat' dir='ltr'>conscientiae</span> <span class='ocrx_word' id='word_1_59' title='bbox 566 1305 707 1377; x_wconf 87' lang='lat' dir='ltr'>adeam</span> <span class='ocrx_word' id='word_1_60' title='bbox 734 1304 1045 1392; x_wconf 77' lang='lat' dir='ltr'>cohonestandum,</span> <span class='ocrx_word' id='word_1_61' title='bbox 1079 1307 1176 1378; x_wconf 87' lang='lat' dir='ltr'>ouius</span> <span class='ocrx_word' id='word_1_62' title='bbox 1202 1320 1276 1404; x_wconf 88' lang='lat' dir='ltr'>ger-</span> 
     </span>
     <span class='ocr_line' id='line_1_10' title="bbox 161 1419 953 1518; baseline -0.003 -26"><span class='ocrx_word' id='word_1_63' title='bbox 161 1446 299 1493; x_wconf 88' lang='lat' dir='ltr'>manum</span> <span class='ocrx_word' id='word_1_64' title='bbox 324 1445 463 1492; x_wconf 91' lang='lat' dir='ltr'>sensum</span> <span class='ocrx_word' id='word_1_65' title='bbox 490 1445 531 1490; x_wconf 95' lang='lat' dir='ltr'>ne</span> <span class='ocrx_word' id='word_1_66' title='bbox 559 1437 785 1515; x_wconf 87' lang='lat' dir='ltr'>cognoverunt</span> <span class='ocrx_word' id='word_1_67' title='bbox 805 1419 953 1518; x_wconf 75' lang='lat' dir='ltr'>quidem,</span> 
     </span>
    </p>

    <p class='ocr_par' dir='ltr' id='par_1_4' title="bbox 159 1535 1355 2555">
     <span class='ocr_line' id='line_1_11' title="bbox 234 1535 1277 1635; baseline 0.003 -28"><span class='ocrx_word' id='word_1_68' title='bbox 234 1536 368 1621; x_wconf 77' lang='lat' dir='ltr'>Quinto.</span> <span class='ocrx_word' id='word_1_69' title='bbox 396 1535 540 1607; x_wconf 85' lang='lat' dir='ltr'>Domum</span> <span class='ocrx_word' id='word_1_70' title='bbox 566 1535 825 1632; x_wconf 86' lang='lat' dir='ltr'>expendendum</span> <span class='ocrx_word' id='word_1_71' title='bbox 852 1550 1003 1607; x_wconf 91' lang='lat' dir='ltr'>remanet</span> <span class='ocrx_word' id='word_1_72' title='bbox 1026 1561 1067 1608; x_wconf 87' lang='lat' dir='ltr'>ex</span> <span class='ocrx_word' id='word_1_73' title='bbox 1093 1537 1160 1623; x_wconf 91' lang='lat' dir='ltr'>iis,</span> <span class='ocrx_word' id='word_1_74' title='bbox 1189 1563 1277 1635; x_wconf 88' lang='lat' dir='ltr'>quae</span> 
     </span>
     <span class='ocr_line' id='line_1_12' title="bbox 162 1650 1275 1751; baseline 0 -27"><span class='ocrx_word' id='word_1_75' title='bbox 162 1651 421 1751; x_wconf 87' lang='lat' dir='ltr'>proposuimus,</span> <span class='ocrx_word' id='word_1_76' title='bbox 443 1650 522 1722; x_wconf 87' lang='lat' dir='ltr'>data</span> <span class='ocrx_word' id='word_1_77' title='bbox 547 1651 648 1722; x_wconf 91' lang='lat' dir='ltr'>etiam</span> <span class='ocrx_word' id='word_1_78' title='bbox 674 1651 760 1725; x_wconf 83' lang='lat' dir='ltr'>falsa</span> <span class='ocrx_word' id='word_1_79' title='bbox 783 1678 822 1724; x_wconf 88' lang='lat' dir='ltr'>ac</span> <span class='ocrx_word' id='word_1_80' title='bbox 839 1674 979 1724; x_wconf 87' lang='lat' dir='ltr'>erronea</span> <span class='ocrx_word' id='word_1_81' title='bbox 1005 1651 1275 1725; x_wconf 88' lang='lat' dir='ltr'>adversariorum</span> 
     </span>
     <span class='ocr_line' id='line_1_13' title="bbox 162 1765 1276 1862; baseline 0.002 -25"><span class='ocrx_word' id='word_1_82' title='bbox 162 1782 353 1839; x_wconf 88' lang='lat' dir='ltr'>nostrorum</span> <span class='ocrx_word' id='word_1_83' title='bbox 375 1765 538 1837; x_wconf 88' lang='lat' dir='ltr'>libertatis</span> <span class='ocrx_word' id='word_1_84' title='bbox 557 1766 783 1839; x_wconf 89' lang='lat' dir='ltr'>conscientiae</span> <span class='ocrx_word' id='word_1_85' title='bbox 801 1766 1059 1862; x_wconf 87' lang='lat' dir='ltr'>significatione,</span> <span class='ocrx_word' id='word_1_86' title='bbox 1076 1783 1119 1838; x_wconf 89' lang='lat' dir='ltr'>an</span> <span class='ocrx_word' id='word_1_87' title='bbox 1132 1793 1173 1840; x_wconf 90' lang='lat' dir='ltr'>ea</span> <span class='ocrx_word' id='word_1_88' title='bbox 1184 1792 1276 1841; x_wconf 87' lang='lat' dir='ltr'>com-</span> 
     </span>
     <span class='ocr_line' id='line_1_14' title="bbox 160 1868 1274 1979; baseline 0.002 -27"><span class='ocrx_word' id='word_1_89' title='bbox 160 1881 241 1979; x_wconf 90' lang='lat' dir='ltr'>poni</span> <span class='ocrx_word' id='word_1_90' title='bbox 258 1895 408 1979; x_wconf 87' lang='lat' dir='ltr'>nequeat</span> <span class='ocrx_word' id='word_1_91' title='bbox 428 1906 504 1951; x_wconf 92' lang='lat' dir='ltr'>cum</span> <span class='ocrx_word' id='word_1_92' title='bbox 527 1879 621 1977; x_wconf 87' lang='lat' dir='ltr'>lege,</span> <span class='ocrx_word' id='word_1_93' title='bbox 642 1868 729 1978; x_wconf 90' lang='lat' dir='ltr'>quae</span> <span class='ocrx_word' id='word_1_94' title='bbox 747 1880 873 1976; x_wconf 84' lang='lat' dir='ltr'>obliget</span> <span class='ocrx_word' id='word_1_95' title='bbox 889 1879 932 1951; x_wconf 92' lang='lat' dir='ltr'>ad</span> <span class='ocrx_word' id='word_1_96' title='bbox 951 1881 1154 1953; x_wconf 85' lang='lat' dir='ltr'>servandum</span> <span class='ocrx_word' id='word_1_97' title='bbox 1174 1883 1274 1955; x_wconf 88' lang='lat' dir='ltr'>ritum</span> 
     </span>
     <span class='ocr_line' id='line_1_15' title="bbox 160 1993 1276 2093; baseline 0.005 -28"><span class='ocrx_word' id='word_1_98' title='bbox 160 1994 355 2092; x_wconf 86' lang='lat' dir='ltr'>religiosum</span> <span class='ocrx_word' id='word_1_99' title='bbox 384 1995 419 2065; x_wconf 93' lang='lat' dir='ltr'>in</span> <span class='ocrx_word' id='word_1_100' title='bbox 446 1994 573 2093; x_wconf 88' lang='lat' dir='ltr'>nuptiis</span> <span class='ocrx_word' id='word_1_101' title='bbox 599 1993 785 2067; x_wconf 79' lang='lat' dir='ltr'>ineundis?</span> <span class='ocrx_word' id='word_1_102' title='bbox 810 1995 1066 2092; x_wconf 87' lang='lat' dir='ltr'>Respondemus</span> <span class='ocrx_word' id='word_1_103' title='bbox 1088 1996 1175 2068; x_wconf 91' lang='lat' dir='ltr'>nihil</span> <span class='ocrx_word' id='word_1_104' title='bbox 1199 2024 1276 2071; x_wconf 88' lang='lat' dir='ltr'>esse</span> 
     </span>
     <span class='ocr_line' id='line_1_16' title="bbox 161 2109 1275 2208; baseline 0.004 -27"><span class='ocrx_word' id='word_1_105' title='bbox 161 2109 219 2182; x_wconf 86' lang='lat' dir='ltr'>tali</span> <span class='ocrx_word' id='word_1_106' title='bbox 247 2110 491 2208; x_wconf 88' lang='lat' dir='ltr'>compositione</span> <span class='ocrx_word' id='word_1_107' title='bbox 515 2109 660 2180; x_wconf 82' lang='lat' dir='ltr'>lucilius</span> <span class='ocrx_word' id='word_1_108' title='bbox 686 2110 720 2178; x_wconf 91' lang='lat' dir='ltr'>Si</span> <span class='ocrx_word' id='word_1_109' title='bbox 746 2110 837 2180; x_wconf 92' lang='lat' dir='ltr'>enim</span> <span class='ocrx_word' id='word_1_110' title='bbox 864 2135 975 2183; x_wconf 90' lang='lat' dir='ltr'>sermo</span> <span class='ocrx_word' id='word_1_111' title='bbox 1001 2111 1045 2182; x_wconf 89' lang='lat' dir='ltr'>sit</span> <span class='ocrx_word' id='word_1_112' title='bbox 1070 2110 1113 2183; x_wconf 94' lang='lat' dir='ltr'>de</span> <span class='ocrx_word' id='word_1_113' title='bbox 1139 2113 1275 2186; x_wconf 88' lang='lat' dir='ltr'>acatho-</span> 
     </span>
     <span class='ocr_line' id='line_1_17' title="bbox 161 2222 1275 2321; baseline 0.006 -27"><span class='ocrx_word' id='word_1_114' title='bbox 161 2222 257 2313; x_wconf 89' lang='lat' dir='ltr'>licis,</span> <span class='ocrx_word' id='word_1_115' title='bbox 283 2226 366 2299; x_wconf 90' lang='lat' dir='ltr'>satis</span> <span class='ocrx_word' id='word_1_116' title='bbox 389 2225 452 2298; x_wconf 92' lang='lat' dir='ltr'>erit</span> <span class='ocrx_word' id='word_1_117' title='bbox 477 2226 656 2298; x_wconf 88' lang='lat' dir='ltr'>decernere</span> <span class='ocrx_word' id='word_1_118' title='bbox 678 2239 715 2296; x_wconf 91' lang='lat' dir='ltr'>ut</span> <span class='ocrx_word' id='word_1_119' title='bbox 736 2224 803 2321; x_wconf 91' lang='lat' dir='ltr'>ipsi</span> <span class='ocrx_word' id='word_1_120' title='bbox 826 2225 925 2295; x_wconf 91' lang='lat' dir='ltr'>ritum</span> <span class='ocrx_word' id='word_1_121' title='bbox 949 2250 1049 2296; x_wconf 91' lang='lat' dir='ltr'>suum</span> <span class='ocrx_word' id='word_1_122' title='bbox 1071 2242 1205 2299; x_wconf 85' lang='lat' dir='ltr'>servent</span> <span class='ocrx_word' id='word_1_123' title='bbox 1222 2252 1275 2301; x_wconf 89' lang='lat' dir='ltr'>co-</span> 
     </span>
     <span class='ocr_line' id='line_1_18' title="bbox 161 2338 1355 2439; baseline 0.002 -27"><span class='ocrx_word' id='word_1_124' title='bbox 161 2366 233 2412; x_wconf 89' lang='lat' dir='ltr'>ram</span> <span class='ocrx_word' id='word_1_125' title='bbox 260 2341 425 2414; x_wconf 83' lang='lat' dir='ltr'>ministris</span> <span class='ocrx_word' id='word_1_126' title='bbox 452 2342 547 2427; x_wconf 91' lang='lat' dir='ltr'>suis,</span> <span class='ocrx_word' id='word_1_127' title='bbox 568 2355 665 2439; x_wconf 91' lang='lat' dir='ltr'>prout</span> <span class='ocrx_word' id='word_1_128' title='bbox 682 2339 845 2411; x_wconf 88' lang='lat' dir='ltr'>hactenns</span> <span class='ocrx_word' id='word_1_129' title='bbox 872 2338 983 2412; x_wconf 88' lang='lat' dir='ltr'>lacere</span> <span class='ocrx_word' id='word_1_130' title='bbox 1007 2357 1271 2428; x_wconf 88' lang='lat' dir='ltr'>consueverunt,</span> <span class='ocrx_word' id='word_1_131' title='bbox 1351 2343 1355 2354; x_wconf 75' lang='grc'><strong>“</strong></span> 
     </span>
     <span class='ocr_line' id='line_1_19' title="bbox 159 2455 1275 2555; baseline 0 -27"><span class='ocrx_word' id='word_1_132' title='bbox 159 2472 340 2555; x_wconf 88' lang='lat' dir='ltr'>actumque</span> <span class='ocrx_word' id='word_1_133' title='bbox 367 2469 466 2529; x_wconf 89' lang='lat' dir='ltr'>suum</span> <span class='ocrx_word' id='word_1_134' title='bbox 494 2457 534 2526; x_wconf 62' lang='lat' dir='ltr'>‘in</span> <span class='ocrx_word' id='word_1_135' title='bbox 564 2455 660 2527; x_wconf 91' lang='lat' dir='ltr'>libris</span> <span class='ocrx_word' id='word_1_136' title='bbox 689 2455 945 2551; x_wconf 82' lang='lat' dir='ltr'>magistratuum</span> <span class='ocrx_word' id='word_1_137' title='bbox 971 2456 1121 2528; x_wconf 85' lang='lat' dir='ltr'>civilium</span> <span class='ocrx_word' id='word_1_138' title='bbox 1154 2457 1275 2530; x_wconf 88' lang='lat' dir='ltr'>inscri-</span> 
     </span>
    </p>
   </div>
   <div class='ocr_carea' id='block_1_3' title="bbox 159 2557 1284 3362">
    <p class='ocr_par' dir='ltr' id='par_1_5' title="bbox 159 2557 1284 3362">
     <span class='ocr_line' id='line_1_20' title="bbox 159 2557 1275 2671; baseline 0.003 -28"><span class='ocrx_word' id='word_1_139' title='bbox 159 2569 251 2644; x_wconf 79' lang='lat' dir='ltr'>bant,</span> <span class='ocrx_word' id='word_1_140' title='bbox 283 2571 381 2658; x_wconf 82' lang='lat' dir='ltr'>Quod</span> <span class='ocrx_word' id='word_1_141' title='bbox 414 2573 444 2644; x_wconf 91' lang='lat' dir='ltr'>si</span> <span class='ocrx_word' id='word_1_142' title='bbox 479 2588 597 2669; x_wconf 89' lang='lat' dir='ltr'>agatur</span> <span class='ocrx_word' id='word_1_143' title='bbox 621 2570 663 2643; x_wconf 93' lang='lat' dir='ltr'>de</span> <span class='ocrx_word' id='word_1_144' title='bbox 689 2570 883 2656; x_wconf 87' lang='lat' dir='ltr'>catholicis,</span> <span class='ocrx_word' id='word_1_145' title='bbox 913 2570 998 2641; x_wconf 87' lang='lat' dir='ltr'>nihil</span> <span class='ocrx_word' id='word_1_146' title='bbox 1026 2557 1165 2671; x_wconf 89' lang='lat' dir='ltr'>impedit</span> <span class='ocrx_word' id='word_1_147' title='bbox 1190 2598 1275 2671; x_wconf 89' lang='lat' dir='ltr'>quo·</span> 
     </span>
     <span class='ocr_line' id='line_1_21' title="bbox 160 2685 1284 2761; baseline 0.002 -4"><span class='ocrx_word' id='word_1_148' title='bbox 160 2687 273 2760; x_wconf 89' lang='lat' dir='ltr'>minus</span> <span class='ocrx_word' id='word_1_149' title='bbox 292 2702 459 2760; x_wconf 84' lang='lat' dir='ltr'>statuatur</span> <span class='ocrx_word' id='word_1_150' title='bbox 475 2702 512 2759; x_wconf 91' lang='lat' dir='ltr'>ut</span> <span class='ocrx_word' id='word_1_151' title='bbox 532 2702 721 2758; x_wconf 86' lang='lat' dir='ltr'>contractus</span> <span class='ocrx_word' id='word_1_152' title='bbox 739 2685 848 2758; x_wconf 90' lang='lat' dir='ltr'>civilis</span> <span class='ocrx_word' id='word_1_153' title='bbox 868 2685 995 2758; x_wconf 88' lang='lat' dir='ltr'>nullius</span> <span class='ocrx_word' id='word_1_154' title='bbox 1018 2687 1149 2761; x_wconf 91' lang='lat' dir='ltr'>roboris</span> <span class='ocrx_word' id='word_1_155' title='bbox 1168 2689 1213 2761; x_wconf 91' lang='lat' dir='ltr'>sit</span> <span class='ocrx_word' id='word_1_156' title='bbox 1230 2689 1284 2761; x_wconf 53' lang='lat' dir='ltr'>ad*</span> 
     </span>
     <span class='ocr_line' id='line_1_22' title="bbox 161 2800 1274 2899; baseline 0.002 -25"><span class='ocrx_word' id='word_1_157' title='bbox 161 2800 301 2874; x_wconf 82' lang='lat' dir='ltr'>allectus</span> <span class='ocrx_word' id='word_1_158' title='bbox 324 2801 439 2874; x_wconf 87' lang='lat' dir='ltr'>civiles</span> <span class='ocrx_word' id='word_1_159' title='bbox 457 2829 497 2873; x_wconf 88' lang='lat' dir='ltr'>ex</span> <span class='ocrx_word' id='word_1_160' title='bbox 511 2828 626 2874; x_wconf 89' lang='lat' dir='ltr'>eorum</span> <span class='ocrx_word' id='word_1_161' title='bbox 645 2802 801 2899; x_wconf 88' lang='lat' dir='ltr'>coniugio</span> <span class='ocrx_word' id='word_1_162' title='bbox 815 2800 1029 2889; x_wconf 90' lang='lat' dir='ltr'>obtinendos,</span> <span class='ocrx_word' id='word_1_163' title='bbox 1051 2803 1118 2875; x_wconf 92' lang='lat' dir='ltr'>nisi</span> <span class='ocrx_word' id='word_1_164' title='bbox 1136 2804 1170 2874; x_wconf 90' lang='lat' dir='ltr'>in</span> <span class='ocrx_word' id='word_1_165' title='bbox 1188 2804 1274 2876; x_wconf 84' lang='lat' dir='ltr'>facie</span> 
     </span>
     <span class='ocr_line' id='line_1_23' title="bbox 159 2916 1273 3015; baseline 0 -26"><span class='ocrx_word' id='word_1_166' title='bbox 159 2916 324 2990; x_wconf 89' lang='lat' dir='ltr'>ecclesiae</span> <span class='ocrx_word' id='word_1_167' title='bbox 340 2932 436 2989; x_wconf 88' lang='lat' dir='ltr'>actus</span> <span class='ocrx_word' id='word_1_168' title='bbox 459 2916 635 3013; x_wconf 88' lang='lat' dir='ltr'>religiosus</span> <span class='ocrx_word' id='word_1_169' title='bbox 655 2917 841 2990; x_wconf 86' lang='lat' dir='ltr'>celebratus</span> <span class='ocrx_word' id='word_1_170' title='bbox 857 2916 970 3003; x_wconf 85' lang='lat' dir='ltr'>luerit,</span> <span class='ocrx_word' id='word_1_171' title='bbox 988 2917 1273 3015; x_wconf 90' lang='lat' dir='ltr'>quemadmodum</span> 
     </span>
     <span class='ocr_line' id='line_1_24' title="bbox 161 3030 1274 3131; baseline 0.002 -29"><span class='ocrx_word' id='word_1_172' title='bbox 161 3034 196 3102; x_wconf 91' lang='lat' dir='ltr'>in</span> <span class='ocrx_word' id='word_1_173' title='bbox 210 3031 416 3131; x_wconf 89' lang='lat' dir='ltr'>quibusdam</span> <span class='ocrx_word' id='word_1_174' title='bbox 435 3033 608 3129; x_wconf 84' lang='lat' dir='ltr'>guhemiis</span> <span class='ocrx_word' id='word_1_175' title='bbox 627 3031 754 3105; x_wconf 91' lang='lat' dir='ltr'>obtinet</span> <span class='ocrx_word' id='word_1_176' title='bbox 770 3035 858 3127; x_wconf 78' lang='lat' dir='ltr'>(tt).</span> <span class='ocrx_word' id='word_1_177' title='bbox 876 3031 967 3102; x_wconf 94' lang='lat' dir='ltr'>Nihil</span> <span class='ocrx_word' id='word_1_178' title='bbox 989 3032 1115 3129; x_wconf 86' lang='lat' dir='ltr'>pariter</span> <span class='ocrx_word' id='word_1_179' title='bbox 1131 3030 1274 3131; x_wconf 90' lang='lat' dir='ltr'>impedit</span> 
     </span>
     <span class='ocr_line' id='line_1_25' title="bbox 160 3147 1269 3246; baseline 0 -26"><span class='ocrx_word' id='word_1_180' title='bbox 160 3149 357 3246; x_wconf 80' lang='lat' dir='ltr'>quominuS,</span> <span class='ocrx_word' id='word_1_181' title='bbox 380 3147 549 3221; x_wconf 90' lang='lat' dir='ltr'>nonnullis</span> <span class='ocrx_word' id='word_1_182' title='bbox 573 3149 709 3220; x_wconf 91' lang='lat' dir='ltr'>casibus</span> <span class='ocrx_word' id='word_1_183' title='bbox 734 3149 903 3245; x_wconf 86' lang='lat' dir='ltr'>exeeptis,</span> <span class='ocrx_word' id='word_1_184' title='bbox 925 3147 1076 3245; x_wconf 91' lang='lat' dir='ltr'>episcopi</span> <span class='ocrx_word' id='word_1_185' title='bbox 1102 3147 1269 3246; x_wconf 90' lang='lat' dir='ltr'>parochos</span> 
     </span>
     <span class='ocr_line' id='line_1_26' title="bbox 160 3256 1272 3362; baseline 0.001 -28"><span class='ocrx_word' id='word_1_186' title='bbox 160 3278 303 3360; x_wconf 83' lang='lat' dir='ltr'>cogant,</span> <span class='ocrx_word' id='word_1_187' title='bbox 329 3279 507 3362; x_wconf 88' lang='lat' dir='ltr'>antequam</span> <span class='ocrx_word' id='word_1_188' title='bbox 533 3263 662 3361; x_wconf 90' lang='lat' dir='ltr'>nuptiis</span> <span class='ocrx_word' id='word_1_189' title='bbox 688 3256 851 3336; x_wconf 81' lang='lat' dir='ltr'>assistant</span> <span class='ocrx_word' id='word_1_190' title='bbox 877 3288 915 3333; x_wconf 88' lang='lat' dir='ltr'>ao</span> <span class='ocrx_word' id='word_1_191' title='bbox 940 3259 1165 3349; x_wconf 88' lang='lat' dir='ltr'>benedicant,</span> <span class='ocrx_word' id='word_1_192' title='bbox 1194 3279 1272 3335; x_wconf 87' lang='lat' dir='ltr'>uta</span> 
     </span>
    </p>
   </div>
   <div class='ocr_carea' id='block_1_4' title="bbox 156 3459 1307 4324">
    <p class='ocr_par' dir='ltr' id='par_1_6' title="bbox 156 3459 1307 3683">
     <span class='ocr_line' id='line_1_27' title="bbox 232 3459 1276 3526; baseline 0.001 -15"><span class='ocrx_word' id='word_1_193' title='bbox 232 3462 282 3525; x_wconf 82' lang='lat'>(20)</span> <span class='ocrx_word' id='word_1_194' title='bbox 299 3461 337 3511; x_wconf 82' lang='lat' dir='ltr'>ct.</span> <span class='ocrx_word' id='word_1_195' title='bbox 346 3463 470 3526; x_wconf 77' lang='lat' dir='ltr'>egregium</span> <span class='ocrx_word' id='word_1_196' title='bbox 481 3462 632 3526; x_wconf 86' lang='lat' dir='ltr'>opusculum</span> <span class='ocrx_word' id='word_1_197' title='bbox 647 3463 690 3512; x_wconf 88' lang='lat' dir='ltr'>cit.</span> <span class='ocrx_word' id='word_1_198' title='bbox 702 3461 778 3515; x_wconf 82' lang='lat' dir='ltr'>Delta</span> <span class='ocrx_word' id='word_1_199' title='bbox 790 3461 857 3524; x_wconf 70' lang='lat' dir='ltr'>tepet</span> <span class='ocrx_word' id='word_1_200' title='bbox 872 3459 946 3511; x_wconf 80' lang='lat' dir='ltr'>civiti</span> <span class='ocrx_word' id='word_1_201' title='bbox 957 3460 1004 3510; x_wconf 87' lang='lat' dir='ltr'>ebe</span> <span class='ocrx_word' id='word_1_202' title='bbox 1014 3460 1180 3525; x_wconf 73' lang='lat' dir='ltr'>ripuardano</span> <span class='ocrx_word' id='word_1_203' title='bbox 1191 3462 1213 3511; x_wconf 78' lang='lat' dir='ltr'>tt</span> <span class='ocrx_word' id='word_1_204' title='bbox 1224 3475 1276 3512; x_wconf 86' lang='lat' dir='ltr'>mo·</span> 
     </span>
     <span class='ocr_line' id='line_1_28' title="bbox 160 3540 1273 3604; baseline 0.003 -15"><span class='ocrx_word' id='word_1_205' title='bbox 160 3543 284 3592; x_wconf 81' lang='lat' dir='ltr'>trimonio</span> <span class='ocrx_word' id='word_1_206' title='bbox 294 3541 471 3602; x_wconf 83' lang='lat' dir='ltr'>de&#39;crtsttont,</span> <span class='ocrx_word' id='word_1_207' title='bbox 491 3542 516 3590; x_wconf 91' lang='lat' dir='ltr'>in</span> <span class='ocrx_word' id='word_1_208' title='bbox 535 3556 584 3604; x_wconf 92' lang='lat' dir='ltr'>qno</span> <span class='ocrx_word' id='word_1_209' title='bbox 600 3544 652 3591; x_wconf 85' lang='lat' dir='ltr'>tota</span> <span class='ocrx_word' id='word_1_210' title='bbox 668 3542 728 3590; x_wconf 88' lang='lat' dir='ltr'>haec</span> <span class='ocrx_word' id='word_1_211' title='bbox 744 3540 839 3591; x_wconf 87' lang='lat' dir='ltr'>theoria</span> <span class='ocrx_word' id='word_1_212' title='bbox 856 3540 909 3590; x_wconf 87' lang='lat' dir='ltr'>tuse</span> <span class='ocrx_word' id='word_1_213' title='bbox 929 3542 1064 3603; x_wconf 81' lang='lat' dir='ltr'>evolvitur,</span> <span class='ocrx_word' id='word_1_214' title='bbox 1076 3542 1101 3590; x_wconf 88' lang='lat' dir='ltr'>et</span> <span class='ocrx_word' id='word_1_215' title='bbox 1117 3554 1146 3590; x_wconf 85' lang='lat' dir='ltr'>ex</span> <span class='ocrx_word' id='word_1_216' title='bbox 1164 3555 1213 3604; x_wconf 88' lang='lat' dir='ltr'>quo</span> <span class='ocrx_word' id='word_1_217' title='bbox 1227 3555 1273 3592; x_wconf 90' lang='lat' dir='ltr'>nos</span> 
     </span>
     <span class='ocr_line' id='line_1_29' title="bbox 156 3613 1307 3683; baseline 0 -13"><span class='ocrx_word' id='word_1_218' title='bbox 156 3620 308 3681; x_wconf 73' lang='lat' dir='ltr'>mussiaco</span> <span class='ocrx_word' id='word_1_219' title='bbox 317 3620 491 3671; x_wconf 83' lang='lat' dir='ltr'>delibavimus.</span> <span class='ocrx_word' id='word_1_220' title='bbox 504 3621 592 3683; x_wconf 79' lang='lat' dir='ltr'>Accepi</span> <span class='ocrx_word' id='word_1_221' title='bbox 603 3620 670 3683; x_wconf 86' lang='lat' dir='ltr'>quod</span> <span class='ocrx_word' id='word_1_222' title='bbox 681 3620 734 3670; x_wconf 89' lang='lat' dir='ltr'>eins</span> <span class='ocrx_word' id='word_1_223' title='bbox 744 3621 830 3669; x_wconf 88' lang='lat' dir='ltr'>auctor</span> <span class='ocrx_word' id='word_1_224' title='bbox 843 3619 876 3669; x_wconf 90' lang='lat' dir='ltr'>sit</span> <span class='ocrx_word' id='word_1_225' title='bbox 889 3619 920 3670; x_wconf 91' lang='lat' dir='ltr'>cl.</span> <span class='ocrx_word' id='word_1_226' title='bbox 931 3621 1087 3670; x_wconf 65' lang='lat' dir='ltr'>hitosmini.</span> <span class='ocrx_word' id='word_1_227' title='bbox 1304 3613 1307 3619; x_wconf 80' lang='grc'><strong>’</strong></span> 
     </span>
    </p>

    <p class='ocr_par' dir='ltr' id='par_1_7' title="bbox 157 3699 1276 4324">
     <span class='ocr_line' id='line_1_30' title="bbox 232 3699 1272 3765; baseline -0.001 -14"><span class='ocrx_word' id='word_1_228' title='bbox 232 3701 283 3763; x_wconf 80' lang='lat' dir='ltr'>(tt)</span> <span class='ocrx_word' id='word_1_229' title='bbox 299 3703 334 3752; x_wconf 83' lang='lat' dir='ltr'>ut</span> <span class='ocrx_word' id='word_1_230' title='bbox 347 3701 372 3750; x_wconf 91' lang='lat' dir='ltr'>in</span> <span class='ocrx_word' id='word_1_231' title='bbox 391 3713 464 3764; x_wconf 84' lang='lat' dir='ltr'>regno</span> <span class='ocrx_word' id='word_1_232' title='bbox 478 3700 634 3764; x_wconf 85' lang='lat' dir='ltr'>neapolitano</span> <span class='ocrx_word' id='word_1_233' title='bbox 645 3701 671 3749; x_wconf 88' lang='lat' dir='ltr'>iu</span> <span class='ocrx_word' id='word_1_234' title='bbox 682 3700 752 3750; x_wconf 89' lang='lat' dir='ltr'>ouius</span> <span class='ocrx_word' id='word_1_235' title='bbox 770 3699 854 3750; x_wconf 86' lang='lat' dir='ltr'>codice</span> <span class='ocrx_word' id='word_1_236' title='bbox 866 3713 921 3762; x_wconf 85' lang='lat' dir='ltr'>cap.</span> <span class='ocrx_word' id='word_1_237' title='bbox 931 3702 975 3749; x_wconf 85' lang='lat'><em>111.</em></span> <span class='ocrx_word' id='word_1_238' title='bbox 986 3700 1064 3765; x_wconf 76' lang='lat' dir='ltr'>Deylt</span> <span class='ocrx_word' id='word_1_239' title='bbox 1076 3703 1128 3752; x_wconf 87' lang='lat' dir='ltr'>uttt</span> <span class='ocrx_word' id='word_1_240' title='bbox 1139 3699 1168 3750; x_wconf 82' lang='lat' dir='ltr'>dt</span> <span class='ocrx_word' id='word_1_241' title='bbox 1181 3703 1272 3750; x_wconf 79' lang='lat' dir='ltr'>nestri·</span> 
     </span>
     <span class='ocr_line' id='line_1_31' title="bbox 157 3779 1275 3842; baseline -0.001 -12"><span class='ocrx_word' id='word_1_242' title='bbox 157 3782 293 3830; x_wconf 77' lang='lat' dir='ltr'>montotto</span> <span class='ocrx_word' id='word_1_243' title='bbox 307 3781 437 3831; x_wconf 84' lang='lat' dir='ltr'>statuitur:</span> <span class='ocrx_word' id='word_1_244' title='bbox 453 3801 465 3823; x_wconf 72' lang='lat' dir='ltr'><em>a</em></span> <span class='ocrx_word' id='word_1_245' title='bbox 475 3781 502 3830; x_wconf 87' lang='lat' dir='ltr'>Il</span> <span class='ocrx_word' id='word_1_246' title='bbox 513 3783 682 3830; x_wconf 80' lang='lat' dir='ltr'>matrimonio</span> <span class='ocrx_word' id='word_1_247' title='bbox 697 3780 741 3830; x_wconf 87' lang='lat' dir='ltr'>nel</span> <span class='ocrx_word' id='word_1_248' title='bbox 752 3793 832 3842; x_wconf 74' lang='lat' dir='ltr'>repro</span> <span class='ocrx_word' id='word_1_249' title='bbox 847 3779 915 3830; x_wconf 85' lang='lat' dir='ltr'>delle</span> <span class='ocrx_word' id='word_1_250' title='bbox 927 3779 979 3830; x_wconf 83' lang='lat' dir='ltr'>due</span> <span class='ocrx_word' id='word_1_251' title='bbox 989 3781 1077 3831; x_wconf 79' lang='lat' dir='ltr'>Sicilie</span> <span class='ocrx_word' id='word_1_252' title='bbox 1088 3794 1136 3829; x_wconf 91' lang='lat' dir='ltr'>non</span> <span class='ocrx_word' id='word_1_253' title='bbox 1146 3780 1166 3829; x_wconf 92' lang='lat' dir='ltr'>si</span> <span class='ocrx_word' id='word_1_254' title='bbox 1178 3780 1228 3842; x_wconf 83' lang='lat' dir='ltr'>pub</span> <span class='ocrx_word' id='word_1_255' title='bbox 1242 3780 1275 3829; x_wconf 89' lang='lat' dir='ltr'>le·</span> 
     </span>
     <span class='ocr_line' id='line_1_32' title="bbox 157 3858 1273 3923; baseline -0.002 -12"><span class='ocrx_word' id='word_1_256' title='bbox 157 3860 336 3922; x_wconf 72' lang='lat' dir='ltr'>parmanente</span> <span class='ocrx_word' id='word_1_257' title='bbox 347 3859 484 3923; x_wconf 76' lang='lat' dir='ltr'>celebrare,</span> <span class='ocrx_word' id='word_1_258' title='bbox 498 3863 544 3912; x_wconf 89' lang='lat' dir='ltr'>che</span> <span class='ocrx_word' id='word_1_259' title='bbox 554 3862 579 3911; x_wconf 88' lang='lat' dir='ltr'>tn</span> <span class='ocrx_word' id='word_1_260' title='bbox 589 3862 666 3911; x_wconf 83' lang='lat' dir='ltr'>tuccia</span> <span class='ocrx_word' id='word_1_261' title='bbox 675 3860 740 3910; x_wconf 84' lang='lat' dir='ltr'>della</span> <span class='ocrx_word' id='word_1_262' title='bbox 749 3861 845 3922; x_wconf 86' lang='lat' dir='ltr'>chiesa,</span> <span class='ocrx_word' id='word_1_263' title='bbox 856 3858 963 3910; x_wconf 81' lang='lat' dir='ltr'>secondo</span> <span class='ocrx_word' id='word_1_264' title='bbox 972 3861 996 3910; x_wconf 92' lang='lat' dir='ltr'>le</span> <span class='ocrx_word' id='word_1_265' title='bbox 1007 3861 1085 3911; x_wconf 81' lang='lat' dir='ltr'>forme</span> <span class='ocrx_word' id='word_1_266' title='bbox 1094 3860 1221 3923; x_wconf 80' lang='lat' dir='ltr'>prescritte</span> <span class='ocrx_word' id='word_1_267' title='bbox 1231 3860 1273 3910; x_wconf 77' lang='lat' dir='ltr'>dat</span> 
     </span>
     <span class='ocr_line' id='line_1_33' title="bbox 158 3940 1276 4004; baseline 0 -13"><span class='ocrx_word' id='word_1_268' title='bbox 158 3940 511 3993; x_wconf 57' lang='lat' dir='ltr'>martinummontem</span> <span class='ocrx_word' id='word_1_269' title='bbox 522 3942 817 3994; x_wconf 87' lang='lat' dir='ltr'>dellostatoctrilesouo</span> <span class='ocrx_word' id='word_1_270' title='bbox 830 3942 1027 3993; x_wconf 73' lang='lat' dir='ltr'>essenrimmente</span> <span class='ocrx_word' id='word_1_271' title='bbox 1043 3941 1186 4003; x_wconf 81' lang='lat' dir='ltr'>necessarii,</span> <span class='ocrx_word' id='word_1_272' title='bbox 1198 3952 1276 4004; x_wconf 82' lang='lat' dir='ltr'>epre·</span> 
     </span>
     <span class='ocr_line' id='line_1_34' title="bbox 157 4020 1272 4085; baseline -0.002 -13"><span class='ocrx_word' id='word_1_273' title='bbox 157 4020 248 4072; x_wconf 81' lang='lat' dir='ltr'>cedere</span> <span class='ocrx_word' id='word_1_274' title='bbox 257 4020 370 4071; x_wconf 87' lang='lat' dir='ltr'>debbono</span> <span class='ocrx_word' id='word_1_275' title='bbox 380 4022 405 4071; x_wconf 88' lang='lat' dir='ltr'>la</span> <span class='ocrx_word' id='word_1_276' title='bbox 415 4021 580 4072; x_wconf 80' lang='lat' dir='ltr'>celebratione</span> <span class='ocrx_word' id='word_1_277' title='bbox 591 4022 632 4072; x_wconf 87' lang='lat' dir='ltr'>del</span> <span class='ocrx_word' id='word_1_278' title='bbox 643 4023 811 4082; x_wconf 86' lang='lat' dir='ltr'>matrimonio,</span> <span class='ocrx_word' id='word_1_279' title='bbox 823 4022 910 4085; x_wconf 78' lang='lat' dir='ltr'>perche</span> <span class='ocrx_word' id='word_1_280' title='bbox 920 4023 938 4071; x_wconf 90' lang='lat' dir='ltr'>il</span> <span class='ocrx_word' id='word_1_281' title='bbox 952 4021 1108 4071; x_wconf 87' lang='lat' dir='ltr'>matrimonio</span> <span class='ocrx_word' id='word_1_282' title='bbox 1119 4020 1228 4084; x_wconf 78' lang='lat' dir='ltr'>produco</span> <span class='ocrx_word' id='word_1_283' title='bbox 1239 4021 1272 4083; x_wconf 81' lang='lat' dir='ltr'>gli</span> 
     </span>
     <span class='ocr_line' id='line_1_35' title="bbox 157 4098 1272 4165; baseline -0.002 -13"><span class='ocrx_word' id='word_1_284' title='bbox 157 4101 234 4152; x_wconf 69' lang='lat' dir='ltr'>chetti</span> <span class='ocrx_word' id='word_1_285' title='bbox 243 4101 325 4163; x_wconf 83' lang='lat' dir='ltr'>civili,</span> <span class='ocrx_word' id='word_1_286' title='bbox 338 4103 409 4151; x_wconf 89' lang='lat' dir='ltr'>tanto</span> <span class='ocrx_word' id='word_1_287' title='bbox 418 4102 534 4165; x_wconf 81' lang='lat' dir='ltr'>riguardo</span> <span class='ocrx_word' id='word_1_288' title='bbox 545 4103 569 4152; x_wconf 90' lang='lat' dir='ltr'>ai</span> <span class='ocrx_word' id='word_1_289' title='bbox 579 4102 676 4165; x_wconf 83' lang='lat' dir='ltr'>coniugi</span> <span class='ocrx_word' id='word_1_290' title='bbox 687 4139 694 4164; x_wconf 91' lang='lat'>,</span> <span class='ocrx_word' id='word_1_291' title='bbox 706 4105 752 4152; x_wconf 88' lang='lat' dir='ltr'>cho</span> <span class='ocrx_word' id='word_1_292' title='bbox 762 4104 785 4152; x_wconf 89' lang='lat' dir='ltr'>ai</span> <span class='ocrx_word' id='word_1_293' title='bbox 797 4103 822 4152; x_wconf 91' lang='lat' dir='ltr'>di</span> <span class='ocrx_word' id='word_1_294' title='bbox 838 4104 891 4152; x_wconf 90' lang='lat' dir='ltr'>loro</span> <span class='ocrx_word' id='word_1_295' title='bbox 904 4103 980 4165; x_wconf 74' lang='lat' dir='ltr'>figit.»</span> <span class='ocrx_word' id='word_1_296' title='bbox 994 4101 1085 4152; x_wconf 75' lang='lat' dir='ltr'>Oodtce</span> <span class='ocrx_word' id='word_1_297' title='bbox 1092 4113 1142 4164; x_wconf 80' lang='lat' dir='ltr'>per</span> <span class='ocrx_word' id='word_1_298' title='bbox 1156 4098 1182 4151; x_wconf 87' lang='lat' dir='ltr'>lo</span> <span class='ocrx_word' id='word_1_299' title='bbox 1192 4114 1272 4163; x_wconf 77' lang='lat' dir='ltr'>reono</span> 
     </span>
     <span class='ocr_line' id='line_1_36' title="bbox 157 4181 1271 4247; baseline 0.001 -16"><span class='ocrx_word' id='word_1_300' title='bbox 157 4181 227 4232; x_wconf 78' lang='lat' dir='ltr'>delle</span> <span class='ocrx_word' id='word_1_301' title='bbox 243 4182 296 4232; x_wconf 77' lang='lat' dir='ltr'>due</span> <span class='ocrx_word' id='word_1_302' title='bbox 309 4182 406 4232; x_wconf 79' lang='lat' dir='ltr'>sicilie.</span> <span class='ocrx_word' id='word_1_303' title='bbox 417 4183 505 4246; x_wconf 78' lang='lat' dir='ltr'>Nepoti</span> <span class='ocrx_word' id='word_1_304' title='bbox 519 4191 586 4234; x_wconf 78' lang='lat'><strong>1829.</strong></span> <span class='ocrx_word' id='word_1_305' title='bbox 597 4197 650 4241; x_wconf 82' lang='lat' dir='ltr'>par.</span> <span class='ocrx_word' id='word_1_306' title='bbox 662 4186 681 4232; x_wconf 93' lang='lat'>1.</span> <span class='ocrx_word' id='word_1_307' title='bbox 691 4186 768 4247; x_wconf 67' lang='lat' dir='ltr'>Lepet</span> <span class='ocrx_word' id='word_1_308' title='bbox 778 4183 852 4234; x_wconf 83' lang='lat' dir='ltr'>etctlt</span> <span class='ocrx_word' id='word_1_309' title='bbox 865 4183 910 4232; x_wconf 88' lang='lat' dir='ltr'>lib.</span> <span class='ocrx_word' id='word_1_310' title='bbox 922 4186 940 4232; x_wconf 94' lang='lat'>1.</span> <span class='ocrx_word' id='word_1_311' title='bbox 953 4195 1007 4246; x_wconf 82' lang='lat' dir='ltr'>cap.</span> <span class='ocrx_word' id='word_1_312' title='bbox 1017 4189 1039 4232; x_wconf 80' lang='lat'>3.</span> <span class='ocrx_word' id='word_1_313' title='bbox 1052 4195 1106 4244; x_wconf 83' lang='lat' dir='ltr'>pag.</span> <span class='ocrx_word' id='word_1_314' title='bbox 1120 4189 1157 4232; x_wconf 83' lang='lat'>15.</span> <span class='ocrx_word' id='word_1_315' title='bbox 1169 4184 1271 4232; x_wconf 85' lang='lat' dir='ltr'>verum·</span> 
     </span>
     <span class='ocr_line' id='line_1_37' title="bbox 157 4261 1271 4324; baseline -0.001 -14"><span class='ocrx_word' id='word_1_316' title='bbox 157 4263 285 4324; x_wconf 78' lang='lat' dir='ltr'>tamen‚nt</span> <span class='ocrx_word' id='word_1_317' title='bbox 293 4261 376 4324; x_wconf 83' lang='lat' dir='ltr'>paullo</span> <span class='ocrx_word' id='word_1_318' title='bbox 385 4263 441 4312; x_wconf 88' lang='lat' dir='ltr'>ante</span> <span class='ocrx_word' id='word_1_319' title='bbox 448 4262 629 4324; x_wconf 77' lang='lat' dir='ltr'>adnotavimus,</span> <span class='ocrx_word' id='word_1_320' title='bbox 638 4262 703 4312; x_wconf 83' lang='lat' dir='ltr'>haud</span> <span class='ocrx_word' id='word_1_321' title='bbox 713 4263 776 4312; x_wconf 85' lang='lat' dir='ltr'>levia</span> <span class='ocrx_word' id='word_1_322' title='bbox 783 4263 907 4313; x_wconf 79' lang='lat' dir='ltr'>interdum</span> <span class='ocrx_word' id='word_1_323' title='bbox 915 4275 944 4312; x_wconf 81' lang='lat' dir='ltr'>es</span> <span class='ocrx_word' id='word_1_324' title='bbox 953 4262 1096 4312; x_wconf 79' lang='lat' dir='ltr'>necessitate</span> <span class='ocrx_word' id='word_1_325' title='bbox 1103 4262 1173 4312; x_wconf 85' lang='lat' dir='ltr'>actus</span> <span class='ocrx_word' id='word_1_326' title='bbox 1180 4261 1271 4324; x_wconf 83' lang='lat' dir='ltr'>praevii</span> 
     </span>
    </p>
   </div>
   <div class='ocr_carea' id='block_1_5' title="bbox 158 4339 1221 4460">
    <p class='ocr_par' dir='ltr' id='par_1_8' title="bbox 158 4339 1221 4460">
     <span class='ocr_line' id='line_1_38' title="bbox 158 4339 977 4404; baseline -0.001 -15"><span class='ocrx_word' id='word_1_327' title='bbox 158 4339 239 4390; x_wconf 81' lang='lat' dir='ltr'>civilis</span> <span class='ocrx_word' id='word_1_328' title='bbox 249 4339 408 4390; x_wconf 84' lang='lat' dir='ltr'>celebrationi</span> <span class='ocrx_word' id='word_1_329' title='bbox 422 4340 572 4391; x_wconf 86' lang='lat' dir='ltr'>matrimonii</span> <span class='ocrx_word' id='word_1_330' title='bbox 584 4340 739 4391; x_wconf 79' lang='lat' dir='ltr'>incommodo</span> <span class='ocrx_word' id='word_1_331' title='bbox 750 4341 879 4404; x_wconf 85' lang='lat' dir='ltr'>provenire</span> <span class='ocrx_word' id='word_1_332' title='bbox 891 4341 977 4391; x_wconf 88' lang='lat' dir='ltr'>solent.</span> 
     </span>
     <span class='ocr_line' id='line_1_39' title="bbox 1200 4419 1221 4460; baseline 0 0"><span class='ocrx_word' id='word_1_333' title='bbox 1200 4419 1221 4460; x_wconf 72' lang='lat' dir='ltr'>tt</span> 
     </span>
    </p>
   </div>
   <div class='ocr_carea' id='block_1_6' title="bbox 0 0 1440 5062">
    <p class='ocr_par' dir='ltr' id='par_1_9' title="bbox 0 0 1440 5062">
     <span class='ocr_line' id='line_1_40' title="bbox 0 0 1440 5062; baseline 0 1"><span class='ocrx_word' id='word_1_334' title='bbox 0 0 1440 5062; x_wconf 95' lang='lat' dir='ltr'> </span> 
     </span>
    </p>
   </div>
  </div>
 </body>
</html>
