2872 5062
176 357 244 428 2‘16
383 377 442 426 sn.
464 376 488 425 1.
509 373 595 425 secr.
616 373 745 425 atram.
761 374 801 423 nn
818 371 949 423 uarum.
967 371 1073 422 ιιιιιι.

174 495 216 593 de
241 493 424 566 individuis
451 492 645 594 singillatim
668 491 811 591 sumptis
835 490 975 561 minime
999 489 1183 574 disserere,
1201 515 1277 574 cnm

174 609 349 706 neminem·
366 607 499 680 laedere
520 606 681 691 velimus;
711 603 877 704 siquidem
908 603 951 674 de
981 630 1017 676 re
1046 602 1145 675 nobis
1170 628 1280 676 sermo

172 726 239 809 est,
260 748 326 795 non
343 722 386 794 de
403 722 569 822 personis.
595 722 666 793 lmo
686 720 787 792 etiam
811 719 905 791 ultro·
919 718 1063 789 latemur
1078 707 1152 790 non‘
1163 742 1281 790 omnes

170 838 316 910 fautores
340 837 505 910 eiusmodi
522 837 715 936 nuptiarum
733 858 838 933 pravo
855 832 1013 918 consilio,
1033 847 1091 906 aut
1107 833 1281 931 proposita

172 951 300 1025 malitia
319 950 532 1049 conspirasse
548 950 592 1022 ad
618 977 676 1023 eas
701 949 957 1077 promovendas
981 950 1064 1056 Nam
1086 972 1154 1021 non
1177 948 1281 1021 semel

172 1064 350 1161 contingit,
366 1079 403 1135 ut
414 1090 501 1136 unus
516 1078 574 1137 aut
586 1063 683 1149 alter,
702 1088 741 1135 ac
757 1090 787 1135 sr
778 1061 908 1148 l‚ubet
926 1085 991 1134 non
1005 1062 1104 1171 pauci
1118 1062 1222 1134 etiam
1234 1062 1281 1134 ita

169 1205 211 1253 se
223 1194 339 1276 gerant
351 1204 391 1251 ex
402 1180 506 1250 animr
497 1178 668 1263 levitate,
684 1193 784 1277 atque
797 1202 838 1248 ex
851 1175 1089 1285 apparentibus
1102 1177 1282 1304 praetexti-

171 1293 251 1379 bus,
269 1320 326 1392 qur
318 1293 452 1365 lavere
464 1293 620 1366 ridentur
632 1319 753 1365 causae
764 1317 856 1390 ,qua
872 1291 914 1363 de
931 1291 1051 1386 agitur,
1064 1291 1148 1389 quin
1165 1291 1282 1401 intime

172 1407 391 1525 perpendant
404 1433 473 1478 rem
502 1407 537 1477 in
564 1407 678 1505 seipsa
704 1405 768 1477 sub
794 1405 884 1477 omui
905 1392 1076 1513 respectu,
1101 1396 1283 1503 praecipue

169 1547 250 1595 vero
273 1520 376 1594 relate
398 1519 441 1593 ad
457 1521 657 1623 religionem
682 1520 901 1606 catholicam,
923 1535 981 1591 aut
997 1508 1116 1593 saltem
1135 1520 1178 1592 ad
1196 1520 1280 1592 haec

170 1664 237 1710 non
266 1638 450 1710 advertant.
484 1635 599 1708 Plures
626 1636 752 1734 pariter
776 1662 796 1707 a
821 1622 1035 1708 multitudine
1064 1661 1102 1708 ae
1127 1637 1216 1709 trahi
1241 1662 1279 1708 ac

170 1751 278 1850 abripi
303 1746 497 1851 patiuntur,
526 1775 597 1823 nec
612 1749 754 1847 proinde
771 1748 814 1820 de
832 1749 887 1820 his
905 1774 1093 1822 sermonem
1110 1749 1193 1823 hic
1183 1751 1280 1823 insti-

170 1865 307 1938 tuimus.
416 1961 419 1966 .
1050 1965 1053 1970 -
1094 1878 1098 1885 ’

147 2059 151 2065 ,
193 1990 196 2015 ³
242 1982 395 2055 Ceterum
412 1981 476 2055 hac
494 1982 784 2084 animaduersione
798 1983 1002 2080 praemissa,
1017 1967 1275 2066 fatendumst,

170 2089 290 2169 harum
314 2098 506 2198 nuptiarum
532 2097 677 2170 lautores
695 2124 735 2170 ac
752 2112 957 2226 promoturus
975 2096 1067 2169 ad
1034 2084 1184 2169 virorum
1207 2095 1278 2168 illo

171 2238 244 2282 rum
268 2211 413 2285 classem
439 2226 606 2311 spectare,
637 2211 695 2310 qui
721 2213 756 2282 in
782 2210 916 2339 negotio
940 2211 1114 2319 roligionis
1140 2209 1278 2323 indiffe-

165 2328 365 2397 rentismum
388 2328 612 2426 profitentur,
649 2327 775 2424 quique
800 2326 899 2398 unice
924 2313 1129 2397 mundanam
1161 2350 1277 2423 pruse-

169 2454 317 2537 qunntur
351 2440 551 2538 politicam,
587 2440 647 2538 qui
681 2440 827 2538 denique
862 2439 1062 2511 atheismum
1094 2439 1277 2553 practicam

169 2567 348 2624 sectantur.
370 2552 412 2624 lli
435 2568 514 2625 sunt
536 2554 595 2652 qui
617 2554 730 2640 animo
746 2580 880 2659 pronos
905 2580 943 2626 se
967 2542 1155 2627 exliibent
1145 2580 1183 2624 ιιι
1201 2578 1276 2654 prn-

162 2666 413 2737 testantismum
423 2693 554 2768 ,quem
572 2667 615 2739 ob
634 2668 833 2767 sapientiam
857 2658 1140 2797 prudentiamque
1163 2693 1277 2742 carna·

169 2778 233 2851 lem
252 2781 388 2851 maximi
414 2781 559 2868 faciunt,
589 2783 655 2854 imo
681 2798 715 2854 et
739 2783 928 2881 suspiciunt
951 2781 1119 2882 quidquid
1141 2783 1276 2895 abipso

169 2892 290 2992 prodit
316 2894 399 2997 Cum
420 2921 513 2973 vero
525 2897 617 2970 iuxta
636 2896 730 2995 ipsos
748 2897 834 2970 inter
854 2897 1122 2971 catholicismum
1141 2889 1184 2972 ac
1192 2914 1276 2999 pm-

167 2992 413 3082 testantismum
439 3038 506 3085 non
532 3012 767 3086 intercedat
735 3013 800 3086 msi
822 3016 1008 3111 opinionum
1028 3013 1270 3114 discrepantia,

158 3141 201 3205 ¹et
224 3126 460 3225 unusquisque
485 3142 555 3201 tuto
580 3128 688 3227 possit
713 3155 811 3201 suam
837 3131 1066 3201 convictionem
1087 3128 1155 3202 sibi
1180 3129 1275 3202 effor-

157 3264 277 3324 mare,
297 3240 379 3338 quid
399 3243 539 3328 mirum,
558 3244 588 3317 si
601 3244 648 3316 ita
665 3244 707 3316 de
724 3244 930 3339 negotiorum
947 3243 1096 3316 omnium
1114 3245 1269 3328 maximo,

156 3353 354 3425 :cuiusmodi
380 3371 431 3427 est
454 3383 533 3430 vera
558 3357 700 3455 religio,
731 3359 938 3445 sentientes,
966 3359 1274 3456 protestantismum

167 3467 401 3565 aequiparent,
430 3471 612 3543 autetiam
638 3472 828 3571 praeferant
852 3470 1036 3544 catholicae
1060 3471 1251 3547 ecclesiae?

240 3579 290 3650 Ad
317 3579 400 3652 haec
426 3582 575 3672 accedit,
597 3586 686 3684 quod
705 3585 774 3673 isti,
796 3611 880 3684 quos
904 3610 982 3657 vere
1005 3586 1199 3659 stotolctroa
1218 3613 1274 3660 vo·

167 3694 314 3781 caveris,
338 3695 397 3794 qui
419 3722 530 3770 coram
556 3697 619 3773 hoc
645 3714 751 3773 status
777 3698 867 3772 idolo
885 3699 1037 3772 seuniae
1061 3715 1273 3797 prosternunt

167 3825 267 3909 atquo
298 3811 541 3910 procumbunt,
571 3815 707 3889 hostilia
735 3830 849 3888 contra
873 3815 1049 3887 ecclesiam
1075 3816 1271 3903 catholicam

157 3912 267 4000 'sensa
279 3927 438 4000 nutriant.
449 3928 623 4003 Eiusmodi
636 3929 804 4019 homines,
816 3957 901 4031 quos
915 3929 1270 4029 pseudo-politicorum

168 4041 301 4112 nomine
330 4056 520 4115 constanter
543 4043 578 4113 in
604 4044 706 4116 huius
742 4044 984 4117 lucubrationis
1009 4045 1156 4118 decursu
1185 4045 1270 4118 desi-

166 4155 264 4250 gnavi
280 4213 288 4240 ,
319 4156 640 4255 emancipationem,
661 4174 698 4231 ut
713 4174 850 4246 vocant,
872 4174 978 4233 status
995 4157 1038 4232 ab
1054 4158 1199 4234 ecclesia
1215 4159 1269 4231 dc·

167 4269 345 4356 mirantur,
375 4298 414 4345 ac
439 4270 525 4344 nihil
551 4273 748 4347 intentatum
771 4272 983 4373 relinquunt,
1005 4291 1042 4347 ut
1058 4300 1135 4348 eam
1151 4291 1185 4350 et
1199 4273 1268 4374 qui-
