2872 5062
160 351 228 423 108
367 372 428 423 un.
450 372 473 423 t.
495 370 580 421 secr.
602 370 625 420 1.
639 371 679 422 ns
692 369 1048 425 sermmstcmumro.

230 490 385 566 Decimus
410 506 463 564 est
485 489 618 566 concilii
644 489 908 566 constantiensis
933 489 998 565 suh
1018 490 1159 565 Martino
1174 490 1213 563 i.
1234 492 1271 564 in

160 608 225 685 fine
248 605 394 680 concilii.
412 607 482 679 lam
497 632 577 679 uero
594 605 772 680 concilium
790 606 1041 680 constantiense
1065 605 1152 681 nihil
1177 605 1271 682 aliud

158 723 317 807 continet,
338 722 428 821 quod
446 722 489 795 ad
509 748 577 795 rem
603 738 749 794 nostram
776 723 947 808 reseratur,
977 738 1109 820 praeter
1132 722 1273 797 interro·

158 838 340 936 gationem,
362 862 450 936 quae
466 836 538 909 lieri
557 835 700 910 debehat
712 837 755 909 de
767 836 899 911 haeresi
918 836 1105 935 suspectis:
1125 837 1272 911 «Utrum

158 953 290 1039 credat,
309 953 402 1053 quod
420 951 625 1025 christianus
651 967 864 1026 contemnens
889 953 1136 1052 susceptionem
1162 978 1292 1027 sacrus

158 1080 344 1143 mentorum
370 1066 651 1154 confirmationis,
679 1067 731 1141 vel
757 1084 923 1141 extremae
938 1067 1126 1154 unctionis,
1148 1083 1209 1142 aut
1222 1093 1272 1141 ro-

160 1183 397 1261 lemm'sctionis
408 1184 610 1256 metrinnnii
620 1197 735 1282 peccet
747 1183 929 1257 mortaliter
937 1186 969 1278 (1
977 1185 1010 1279 2)
1020 1183 1095 1257 nsi
1105 1182 1273 1284 quidpro·

158 1297 217 1371 hat
242 1297 408 1374 eiusmodi
433 1299 630 1384 auctoritas,
659 1297 779 1397 prohat
801 1324 869 1372 nou
892 1324 970 1372 esse
992 1299 1272 1375 contemnendam

157 1413 451 1487 solemnizationem
464 1413 665 1489 sacramenti
680 1412 899 1500 matrimonii,
916 1412 1070 1513 nihilque
1082 1425 1268 1512 praeterea.

42 1522 45 1528 ’
160 1527 324 1614 Quocirca
347 1543 381 1602 et
404 1527 461 1605 hic
485 1544 596 1603 textus
621 1545 673 1603 est
697 1528 924 1627 seponendus.

232 1644 434 1719 Undecimus
461 1660 512 1719 est
536 1643 715 1719 Clementis
740 1645 789 1719 De
809 1644 996 1742 priuilepiis
1027 1644 1176 1740 reliqiosi
1188 1698 1198 1728 ,
1232 1668 1274 1721 ec

158 1761 322 1860 reperitur
346 1760 433 1836 inter
456 1760 682 1836 clementinas
707 1759 825 1860 lint.
854 1759 906 1833 tit.
927 1760 997 1832 Vll.
1018 1760 1068 1835 De
1086 1759 1272 1859 privilegiis

159 1900 236 1974 cap.
265 1877 293 1951 l.
320 1874 480 1973 Belipiosi
502 1873 557 1947 his
581 1874 712 1948 uerbis:
737 1874 946 1972 «Religioni,
965 1873 1025 1974 qui
1043 1874 1193 1963 clericis,
1212 1889 1273 1952 aut

158 1990 269 2065 laicis¹
287 2005 532 2065 sacramentum
562 1989 729 2064 unctionis
758 2005 941 2077 extremae,
969 1989 1023 2066 vel
1047 1990 1274 2067 eucharistiae

157 2107 367 2194 ministrare,
383 2108 631 2180 nentrimonicoe
646 2106 874 2190 solemnizare,
891 2132 958 2180 non
971 2105 1086 2181 hahita
1099 2132 1206 2205 supra
1217 2105 1273 2183 his

159 2221 358 2322 paraecialis
383 2220 570 2321 presbyteri
595 2220 732 2294 licentia
759 2218 898 2319 speciali
924 2220 1225 2319 praesumpserint.
1239 2276 1270 2299 ..

117 2321 119 2327 Ι
159 2335 509 2417 excommunicationis
528 2335 698 2411 incurrant
714 2335 913 2410 sententiam
926 2335 1002 2434 ipso
1014 2335 1276 2435 iactenlnqui·

161 2452 226 2529 bus
243 2452 355 2527 verbis
369 2451 491 2551 siquis
508 2450 588 2524 velit
604 2451 781 2550 quidpiam
798 2449 1065 2548 deprehendere,
1080 2449 1175 2550 quod
1187 2449 1272 2529 Gaui

160 2567 346 2643 rennuitae
358 2567 469 2641 lavere
481 2566 646 2653 videatur,
662 2590 728 2641 non
744 2565 837 2639 aliud
847 2566 878 2639 ei
891 2566 1056 2641 succurrit
1070 2592 1176 2665 quem
1186 2565 1273 2645 illud

159 2683 405 2755 matrimonium
418 2682 648 2767 solemoizorm
660 2696 695 2754 at
710 2707 788 2756 uero
806 2681 891 2754 haec
908 2681 1067 2781 loquendi
1087 2681 1177 2759 ratio
1193 2706 1275 2756 cou-

159 2795 297 2871 tretium
314 2795 426 2894 potius
441 2794 593 2871 evincere
613 2795 763 2883 videtur,
785 2795 815 2869 si
832 2812 1046 2895 comparetur
1064 2821 1143 2871 cum
1160 2795 1273 2875 uerhit

159 2911 452 3011 praecedentibus,
466 2910 592 3010 quihus
611 2910 797 3009 presbyteri
814 2938 892 2984 vere
908 2911 1068 2988 dicuntur
1082 2912 1272 2989 ministrem

160 3029 550 3110 sacramenta'extremee
566 3027 736 3103 unctionis
752 3044 785 3102 et
801 3027 1043 3115 eucharistiae,
1061 3043 1275 3107 conuenere

159 3172 235 3219 cum
262 3170 373 3222 sermo
397 3161 451 3219 est
472 3145 515 3217 de
539 3143 770 3232 matrimonio,
799 3171 838 3218 eo
863 3144 938 3243 ipso
963 3143 1055 3243 quod
1081 3143 1273 3221 sacerdotes

159 3260 232 3333 eius
257 3259 402 3335 ministri
426 3285 495 3335 non
520 3259 606 3345 sint,
635 3258 793 3333 dicuntur
810 3258 894 3334 illud
910 3259 1141 3342 solemnizare,
1164 3256 1273 3341 seuei

159 3375 333 3462 assistere,
355 3389 392 3446 ut
409 3373 579 3471 publicum
605 3398 666 3472 per
689 3395 804 3449 eorum
829 3373 1055 3471 praesentiam
1071 3388 1105 3445 et
1122 3371 1274 3447 solemne

159 3489 278 3563 evadat
294 3517 334 3562 ex
351 3507 461 3562 mente
486 3490 658 3564 ecclesiae.
676 3491 764 3587 Ergo
781 3505 813 3562 et
830 3490 886 3565 hic
904 3504 1013 3565 textus
1030 3515 1174 3569 accuse
1188 3476 1272 3569 (lani

162 3604 379 3702 seponendus
404 3619 467 3677 est.

159 3791 254 3842 dvesit
264 3791 441 3852 iuramentum,
453 3790 505 3840 sive
514 3803 577 3852 nou,
587 3803 637 3840 non
647 3789 704 3841 lieet
714 3790 809 3840 mulieri
818 3791 861 3840 alii
871 3791 976 3854 nubere,
987 3791 1041 3840 etsi
1051 3790 1175 3856 nupserit,
1183 3793 1212 3841 ot
1220 3790 1270 3840 tue

159 3873 192 3922 rit
202 3873 309 3922 amalis
319 3872 408 3935 copule
416 3871 595 3934 subsecuta,ub
604 3885 634 3922 eo
643 3871 749 3934 separari
757 3871 843 3933 dehet,
854 3873 879 3921 et
889 3875 918 3922 ut
929 3871 961 3921 ad
971 3870 1078 3934 primum
1088 3869 1188 3934 cedent,
1199 3870 1275 3921 eccle·

158 3953 258 4003 macheu
272 3951 426 4002 moratione
439 3949 691 4013 supersuuntur
701 3951 785 4014 pertici
799 3953 895 4015 poterat
908 3950 1093 4000 matrimonium
1102 3949 1179 4001 ctiam
1186 3962 1272 4002 cortu

157 4033 215 4084 roto
224 4035 363 4084 notencet
372 4031 472 4083 idonetr
482 4031 591 4081 testibus
602 4030 654 4081 sine
666 4031 804 4094 mussantis
812 4030 959 4094 sacerdotis,
969 4031 1079 4094 putates
1087 4031 1172 4080 mente
1179 4029 1276 4094 mhi·

156 4114 195 4164 cis
209 4112 404 4164 benedictionem
416 4109 592 4161 sacmdotalcm
603 4110 704 4160 minime
714 4113 826 4174 spectare
837 4110 868 4160 ad
880 4110 1026 4162 marcenti
1034 4111 1186 4162 munimenti
1195 4122 1274 4161 usen-

156 4192 286 4255 fiammae
294 4191 398 4255 proinde
406 4189 557 4240 sacerdotem
565 4202 621 4240 eme
630 4189 704 4240 huius
713 4190 860 4240 sacramenti
872 4190 1020 4242 ministrum.
1030 4189 1070 4242 ei.
1080 4188 1147 4254 armti
1155 4189 1276 4242 undio.

159 4272 225 4322 Acta
234 4269 449 4323 concittomin.
461 4269 693 4332 penitentum.
1129 4286 1131 4291 ·

158 4389 162 4401 .
230 4349 502 4414 (inlapsu-tnhbeum
512 4348 757 4411 tomxttcelnee.
