2872 5062
283 367 351 415 ιιι.
372 369 407 416 ιι.
428 368 467 417 ιι
494 367 588 418 ntra.
605 366 671 417 ιιι.
694 369 777 418 onia.
800 367 1059 437 annonantur.
1082 371 1116 418 ιι.
1196 346 1263 445 ιιι

157 483 235 558 dem
271 483 404 582 plenam
427 484 684 584 perfectamque
718 500 942 584 assequantur
966 486 1067 558 etad
1097 488 1266 589 optatissi

159 624 247 670 mam
273 596 455 695 aliquando
472 614 595 671 metam
612 599 851 697 perveniant.
844 599 926 670 Cum
950 614 1063 692 autem
1087 625 1188 699 pro
1175 618 1264 700 carto

159 726 333 785 assumant
368 712 625 804 matrimonium
650 739 719 785 rem
749 740 831 812 pure
861 715 1006 789 civilem
1017 740 1120 812 esse,
1158 731 1212 789 et.
1209 694 1267 788 ad
1304 734 1305 739 ’

160 825 267 911 solius
291 816 460 912 societatis
484 826 594 900 civilis
620 829 896 934 praerogativam
905 845 1077 928 spectare,
1098 856 1140 927 ex
1164 809 1268 910 alteia

156 934 357 1040 varoparte
376 942 536 1028 rideant,
564 941 607 1015 ab
632 943 773 1017 ecclesia
798 945 885 1018 inter
908 962 1128 1035 sacramenta,
1141 971 1268 1046 conun-

157 1056 307 1143 merari,
326 1056 403 1131 ideo
416 1055 572 1142 utillud
591 1058 634 1129 ab
651 1058 803 1130 eiusdem
828 1059 990 1151 ecclesiae
1015 1059 1263 1153 dominatione.

156 1188 195 1257 at
207 1172 284 1271 ipsi
316 1172 534 1271 loquuntur,
554 1173 772 1261 subtrahant,
809 1175 922 1266 aliam,
940 1202 1051 1274 neque
1068 1175 1269 1274 ,breviorem

155 1312 273 1385 nequa-
287 1286 450 1384 aptiorem
460 1287 511 1361 {ad
528 1287 563 1359 id
581 1288 793 1362 afficiendum
810 1291 898 1379 viam
914 1291 1136 1382 invenerunt,
1166 1315 1267 1389 quam

156 1401 319 1485 theoriam
337 1382 616 1500 pictostantismi,
635 1403 728 1491 iuxta
745 1430 846 1503 quam
864 1405 1112 1501 matrimonium
1124 1429 1197 1503 non
1215 1420 1268 1499 est

157 1515 440 1599 nisi-,contractus
460 1538 550 1593 mere
562 1511 692 1605 ciuilis.
715 1520 809 1592 Hanc
827 1519 939 1592 ideam
955 1520 1265 1619 ipsiarripuerunt,

154 1647 187 1704 et
213 1631 310 1714 ad
282 1658 360 1705 erus
380 1660 532 1706 normam
556 1634 679 1707 deinde
708 1661 824 1719 omues
854 1634 938 1731 legis
963 1635 1122 1709 articulos
1148 1636 1265 1734 dispo-

157 1761 298 1839 suerum
329 1761 363 1818 et
387 1745 580 1819 harmonico
614 1749 822 1839 ordinarunt.
859 1748 907 1821 Ne
939 1764 1051 1820 tamen
1084 1749 1269 1825 doctrinam

156 1838 355 1933 catliolicam
381 1861 424 1935 de
448 1860 661 1934 matrimonio
687 1862 829 1953 omnino
853 1887 893 1933 ac
913 1877 1034 1960 aperta
1057 1863 1165 1935 lronte
1190 1887 1267 1964 pes-

157 1974 328 2060 samdare
335 1974 546 2062 viderentur,
576 1974 721 2052 subditis
747 1974 921 2063 catholicis
951 1974 1146 2075 indulgent,
1175 1990 1211 2047 ut
1235 1975 1266 2048 si

161 2070 300 2176 velint,
293 2090 463 2187 possint
465 2090 565 2161 ritum
590 2089 785 2184 religiosum
809 2088 992 2185 adiungere
1019 2090 1146 2189 nuptiis
1171 2089 1263 2176 suis,

159 2205 238 2285 etsi
248 2204 360 2279 valide
376 2228 427 2277 ac
450 2203 601 2300 legitimo
622 2229 733 2276 coram
752 2203 823 2277 solo
840 2203 1015 2298 magistrat
1015 2231 1038 2276 ιι
1002 2203 1173 2275 tcivili
1165 2203 1268 2279 ruitae

159 2320 312 2401 censeri
318 2316 506 2419 debeant..
818 2389 821 2395 ,
1155 2386 1180 2405 .,
1210 2390 1225 2417 ,

164 2404 344 2515 ..Facile
361 2434 466 2508 etiam
490 2433 657 2517 eiusmodi
660 2400 883 2533 promotores
900 2433 936 2506 in
954 2385 1042 2507 hanc
1066 2432 1269 2513 determina-

161 2549 298 2635 tionem
303 2565 472 2635 venerunt
501 2575 541 2621 ιιι
559 2548 719 2639 instituta
743 2549 990 2648 comparatione
1014 2549 1101 2620 inter
1125 2546 1271 2652 rigidam

157 2630 631 2763 inflenihilemquajecclesiae
656 2663 847 2756 catholicae¹
865 2664 1050 2761 doctrinam
1074 2663 1164 2755 circa
1184 2687 1269 2766 ,con-

157 2776 569 2876 iugiaj„,·‚ac1planamet
592 2778 844 2869 accommodam
868 2779 1268 2877 doctrinamproleffldss·

153 2891 448 2991 ‘tismi.‚‚l}nmque
477 2893 568 2982 haec'
591 2920 775 2992 numquam
799 2894 868 2965 fixa
896 2894 941 2967 sit
958 2919 1004 2988 'ac
1031 2889 1267 2976 immutabilis,

157 3006 555 3097 Η,ιλιιι,,ι,ιιιιι,ιι;ιιιιιιιιῑιιιΔ
567 3007 887 3104 ιιι,ιιιιι5ιιιιιιι,·ιιι
903 3008 1102 3106 loquuntur,
1123 3003 1270 3077 actuales

156 3118 588 3211 neusselumsocie'tatm,
603 3124 662 3196 sed
687 3139 721 3196 et
745 3124 869 3196 civium
895 3122 1130 3218 singidonum,
1152 3135 1274 3218 ,contra

156 3260 359 3335 veruquum
374 3237 512 3324 uideant
527 3235 943 3330 doctrinamcatholicam.
959 3235 1156 3332 conllectere
1173 3258 1212 3329 se
1229 3232 1272 3335 ad

157 3350 326 3437 eiusmodi
341 3350 487 3438 ,fictitias
513 3351 699 3448 exigentias
724 3336 790 3442 non
807 3377 920 3448 ,posse
933 3404 941 3437 ‚
954 3422 957 3427 ,
968 3350 1070 3447 immo
1092 3366 1128 3445 et
1152 3349 1274 3449 despe-

158 3479 235 3553 rent
249 3464 429 3551 ecclesiam
445 3465 489 3538 ad
506 3465 743 3555 concessiones
763 3465 937 3555 faciendas
958 3489 1171 3562 permonere,
1191 3459 1273 3535 hinc

157 3576 239 3665 hnic
259 3577 392 3667 ¹bellum
425 3594 519 3677 atrox
543 3578 696 3651 indicunt
711 3609 731 3666 ,¹
752 3593 853 3677 atque
874 3577 922 3674 ah
946 3603 987 3651 oa
1012 3574 1273 3663 matrimoniales

157 3715 281 3763 causas
308 3692 520 3765 subtrahunt.
542 3693 693 3791 Cumque
719 3691 816 3764 aliter
834 3719 872 3764 se
893 3693 1056 3792 prolicere
1080 3717 1182 3790 posse
1206 3714 1273 3762 non

156 3805 308 3905 videant,
333 3833 435 3904 quam
453 3809 647 3905 attingendo
662 3808 917 3880 matrimonium
936 3808 1000 3880 sub
1020 3807 1120 3879 unica
1145 3804 1274 3877 ratione

157 3936 350 3994 contractus
376 3921 510 4007 civilis,
539 3921 628 3995 hanc
652 3923 743 3994 viam
769 3922 899 3996 calcare
923 3923 1153 3995 decreverunt.

234 4034 332 4120 Quod
346 4035 377 4107 si
388 4036 572 4108 universim
585 4037 629 4108 ad
648 4036 791 4110 istorum
809 4034 1161 4136 pseudopoliticorum
1178 4045 1274 4104 actus

159 4148 276 4222 oculos
295 4165 546 4237 convertamus,
563 4149 753 4224 videbimus
770 4150 839 4223 huc
855 4175 972 4224 omnes
989 4148 1108 4244 dirigi,
1129 4161 1167 4218 ut
1184 4171 1276 4219 sum-

161 4289 298 4364 mopere
323 4265 458 4341 faveant
481 4266 777 4364 protestandam,
806 4281 839 4337 et
864 4263 1130 4341 catholicismum
1161 4261 1273 4360 depri-
