2872 5062
186 378 255 452 ¹22
361 394 440 451 'nm
462 399 484 453 1.
506 399 592 451 sacr.
614 399 637 453 1.
659 397 699 450 oa
721 398 853 451 erratu.
874 339 1085 453 incmurnro.

187 520 392 605 interventu,
412 518 621 590 intrinsecam
638 532 690 590 est
705 543 746 590 er
764 516 887 590 Christi
906 518 1114 593 institutione
1131 521 1197 619 ipsi
1215 547 1291 595 con-

185 627 302 707 tractui
320 631 508 730 coniugali,
530 632 586 731 qui
606 631 716 718 refert,
734 632 804 705 sive
821 645 1048 730 repraesentat
1063 634 1220 708 unionem
1238 637 1290 709 iu-

184 747 418 823 dissolubilem
443 746 567 820 Christi
594 772 670 820 cum
695 746 856 834 ecclesia,
886 764 984 847 prout
1008 749 1189 823 declaravit
1204 751 1290 850 Apa

184 863 291 938 stolus
310 862 435 963 Ephes.
455 863 493 933 V.
517 864 590 948 32,
607 861 683 961 ipsa
707 888 785 936 vero
809 862 928 950 verba,
956 863 1079 962 quihus
1105 891 1290 940 consensus

183 1006 204 1052 a
227 976 501 1054 contrahentibus
527 979 734 1076 exprimitur,
755 977 876 1051 dehere
901 978 1027 1078 aliquid
1046 982 1131 1053 sacri
1149 1007 1285 1069 sonare,

183 1096 296 1169 Canus
322 1095 424 1191 gratis
450 1094 602 1166 assumit.

254 1209 309 1282 Sic
331 1207 454 1307 pariter
471 1207 555 1280 lalso
572 1207 684 1281 Canus
702 1209 820 1281 iterum
839 1209 983 1282 assumit
998 1209 1198 1283 uouhaheri
1216 1237 1288 1309 per-
1306 1306 1310 1310 Ι

184 1350 300 1398 sonam
326 1323 469 1396 ministri
494 1323 693 1396 conferentis
720 1341 963 1397 sacramentum
981 1324 1023 1396 ad
1041 1349 1190 1397 normam
1208 1352 1288 1399 con-

181 1439 251 1513 cilii
272 1439 458 1525 llorentini,
486 1438 552 1512 nisi
580 1439 736 1512 sacerdos
762 1439 999 1513 ministraverit
1023 1439 1282 1514 matrimonium.

181 1557 265 1629 Nam
290 1554 425 1654 ipsimet
442 1554 673 1629 contrahentes
692 1554 757 1628 sihi
775 1555 916 1629 invicem
934 1553 1077 1627 ministri
1096 1572 1185 1644 sunt,
1206 1557 1287 1628 dum

181 1669 281 1744 verha
298 1696 498 1744 consensum
516 1670 735 1769 exprimentia
752 1670 933 1768 proferunt.
956 1672 1028 1742 Non
1052 1671 1150 1744 video
1175 1687 1284 1746 antem
1318 1714 1320 1718 >

181 1812 287 1885 quare
295 1784 406 1860 Canus
419 1802 649 1860 asseveranter
660 1786 744 1859 adeo
758 1785 965 1884 pmnunciet,
976 1811 1042 1858 non
1057 1811 1132 1859 esse
1148 1786 1288 1859 audien-

182 1902 347 1988 dossas,
376 1901 434 2000 qui
454 1901 617 1999 putabant
649 1901 756 1973 virum
783 1926 821 1973 ac
846 1900 1018 1974 mulierem
1044 1927 1119 1974 esse
1144 1900 1209 1974 sihi
1235 1895 1288 1973 iu-¹

181 2017 288 2091 vicem
313 2017 496 2090 ministros.
519 2015 586 2103 Qui
611 2015 699 2088 enim
725 2015 789 2088 hoc
808 2031 1024 2114 putaverant,
1054 2032 1132 2089 sunt
1154 2016 1284 2115 antiqui

180 2157 316 2218 omues,
344 2130 402 2231 qui
427 2129 469 2203 ad
495 2129 577 2203 Cani
603 2156 712 2229 usque
736 2144 875 2203 aetatem
902 2130 936 2201 iu
961 2129 1104 2204 ecclesia
1128 2131 1282 2204 ssoruere.

181 2247 252 2320 lmo
277 2245 312 2318 id
337 2261 450 2345 aperte
475 2245 557 2319 satis
583 2244 696 2318 docuit
720 2244 831 2344 ipsum
858 2244 1035 2317 concilium
1058 2244 1283 2332 florentinum,
1306 2253 1317 2316 ss

181 2359 224 2433 ad
249 2359 339 2458 quod
365 2359 440 2458 ipse
465 2358 631 2460 appellat,
651 2359 785 2432 tradens
802 2383 915 2431 veram
932 2357 974 2431 de
991 2373 1198 2431 sacramento
1216 2384 1287 2431 ma-

181 2475 328 2547 trimonii
353 2474 536 2548 doctrinam
561 2474 615 2547 his
640 2473 775 2546 verbis:
800 2473 1010 2572 «Septimum
1029 2489 1081 2547 cst
1097 2499 1286 2547 sacramen-

181 2606 250 2662 tum
274 2589 493 2677 matrimonii,
514 2589 603 2690 quod
620 2605 672 2662 est
689 2589 821 2686 siguum
846 2573 1090 2663 coniunctionis
1108 2588 1232 2661 Christi
1253 2605 1286 2663 et

179 2703 366 2790 ecclesiae,
394 2704 579 2777 secundum
604 2703 800 2802 Apostolum
825 2702 1014 2776 dicentem:
1042 2704 1285 2775 Sacramentum

182 2819 238 2891 hoe
261 2845 415 2917 mapaum
440 2834 505 2904 est,·
525 2845 580 2916 epo
605 2833 712 2891 autem
735 2817 806 2890 dico
831 2820 866 2890 ia
893 2819 1021 2890 Christo
1038 2831 1069 2890 et
1085 2820 1120 2889 ia
1136 2819 1281 2890 ecclesia.

182 2935 291 3008 Causa
316 2936 457 3036 efficiens
480 2934 698 3018 matrimonii,
729 2933 924 3032 regulariter
942 2948 989 3005 est
1005 2948 1134 3005 matous
1153 2926 1287 3005 ›cousen-

176 3056 235 3124 'sus
249 3079 311 3150 per
326 3052 425 3125 cerba
442 3050 481 3123 de
494 3051 660 3149 praesenti
674 3075 845 3149 repressas
868 3051 980 3145 (31).»
998 3048 1102 3146 Igitur
1118 3075 1157 3122 ex
1174 3049 1287 3122 couci·

151 3218 154 3223 ι
181 3166 226 3240 lio
239 3167 415 3241 llorentiuo
428 3181 495 3239 tum
510 3166 643 3264 signum
655 3165 774 3238 efficax
788 3163 914 3262 gratiae
926 3189 967 3237 ox
979 3163 1103 3236 Christi
1117 3163 1287 3237 evectione

181 3282 246 3382 ipsi
272 3299 323 3357 est
346 3282 502 3380 coniugio
528 3282 705 3355 inhaerens
723 3295 756 3353 et
773 3280 1008 3365 intrinsecum,
1031 3294 1099 3351 tum
1124 3279 1197 3351 eius
1224 3279 1287 3350 mi-

180 3397 276 3471 nistri
295 3414 374 3471 sunt
390 3397 624 3471 contrahentes
642 3395 727 3496 ipsi,
749 3421 825 3470 cum
842 3394 953 3469 verbis
971 3394 1013 3466 de
1030 3393 1198 3492 praesenti
1211 3419 1288 3497 con-

180 3541 317 3587 sensum
344 3514 542 3614 exprimunt.

253 3629 349 3716 Quod
365 3655 444 3716 vero
463 3628 579 3701 fideles
604 3655 817 3729 nequaquam
835 3654 872 3702 se
889 3627 1070 3724 sacrilegos
1095 3652 1171 3699 esse
1189 3641 1289 3698 autu-

72 3774 75 3779 ⁴
180 3761 271 3820 ment
294 3745 374 3819 dum
401 3745 451 3818 sic
475 3744 631 3843 profane,
660 3760 698 3817 ut
722 3745 795 3844 ipse
819 3744 988 3844 loquitur,
1009 3759 1042 3816 et
1056 3762 1098 3816 ‘eo
1117 3758 1284 3848 tempore,

94 3847 100 3879 ²
137 3911 140 3915 >
179 3887 247 3962 quo
272 3861 306 3933 iu
332 3876 420 3934 statu
445 3860 572 3956 gratiae
602 3859 739 3934 minime
769 3877 875 3948 sunt,
895 3859 1031 3959 nuptias
1056 3857 1283 3964 contrahunt,

180 3977 292 4052 Canus
310 3975 375 4050 sihi
394 3976 506 4075 fingit3
534 3975 623 4049 unde
647 3975 735 4049 enim
761 3975 824 4050 hoc
849 3974 966 4049 novit?
983 3973 1153 4073 Siquidem
1171 3972 1287 4072 plures

240 4197 290 4262 (at)
306 4197 377 4264 apud
392 4197 511 4249 Harduin.
521 4200 587 4249 Acta
597 4197 695 4250 concil.
706 4198 765 4248 tom.
777 4200 819 4248 lx.
830 4197 877 4247 ool.
893 4201 959 4248 ttto.
972 4195 1030 4247 lalco
1040 4209 1098 4246 vero
1109 4194 1201 4245 dicitm
1211 4205 1286 4272 recu·

181 4279 276 4330 lartter
285 4292 316 4330 ue
327 4279 467 4330 viderentur
477 4278 575 4330 excludi
587 4280 661 4330 nutus
670 4279 767 4343 aliaque
777 4276 949 4342 algna,quihus
958 4289 1090 4328 consensus
1099 4289 1141 4340 per
1149 4288 1184 4338 se,
1194 4276 1237 4325 aut
1246 4285 1289 4340 per

179 4358 242 4407 elios
253 4356 326 4408 etiam
336 4357 474 4422 mechatur.
