2872 5062
245 377 314 451 236
439 402 501 452 ιιι.
523 401 545 451 ι.
569 401 656 451 ιιιι.
678 401 809 451 serens.
830 400 869 448 nn
895 398 1030 450 ιιιιιιιι.
1052 397 1160 448 sirim.

245 520 308 593 etsi
334 530 449 592 sanete
472 516 657 605 celebrata,
686 518 732 590 ita
756 533 794 590 ιιι
816 518 982 613 coniuges
1006 514 1052 588 ab
1083 515 1226 589 invieem
1259 539 1360 613 sepa-

246 647 377 719 rentur,
406 631 463 704 ubi
491 633 690 730 praesertim
715 632 827 729 agitur
850 631 895 703 de
920 629 1102 730 zelotypia,
1130 630 1173 702 de
1194 629 1361 728 suspicio-

246 749 346 821 nibus
372 747 516 821 alionius
541 747 770 834 infidelitatis,
800 747 980 821 autetiam
1005 747 1047 819 de
1071 745 1215 842 negotiis
1232 761 1361 845 tempo-

246 863 394 949 ralibus,
414 863 559 963 aliisque
575 863 740 936 eiusmodi
759 889 825 935 non
845 863 962 960 paucis
984 863 1072 956 (ll).
1090 860 1186 945 Quod
1203 860 1233 932 si
1248 860 1360 934 locum

245 979 331 1053 haee
356 979 481 1051 habent
506 979 592 1051 inter
617 978 763 1076 legitime
780 978 995 1064 coniunctos,
1016 976 1076 1074 qui
1099 992 1264 1049 noverunt
1285 1003 1362 1075 pno-

247 1094 358 1193 prium
375 1093 523 1190 nuptiale
541 1093 659 1166 foedus
673 1119 749 1166 esse
764 1118 903 1190 prorsus
919 1090 1120 1175 insolubile,
1134 1090 1234 1189 quid,
1261 1117 1364 1188 quae

248 1235 307 1294 so,
336 1208 466 1281 eveniet
491 1209 578 1280 inter
604 1208 697 1295 illos,
726 1208 784 1306 qui
816 1207 908 1280 nullo
936 1233 1015 1282 vero
1044 1206 1180 1279 vinculo
1213 1206 1361 1304 eopulati

249 1339 349 1407 sunt,
379 1349 523 1421 quorum
548 1323 738 1396 coniunctio
764 1349 831 1395 non
856 1321 965 1395 solum
992 1321 1152 1394 rationem
1173 1320 1364 1393 nonhabet

250 1438 470 1524 sacramenti,
493 1438 551 1511 sed
567 1464 677 1536 neque
691 1452 898 1524 contractus,
914 1437 968 1511 eui
988 1435 1156 1509 inhabiles
1171 1435 1249 1508 sueti
1262 1434 1364 1508 sunt?

249 1554 390 1640 Eorum,
419 1552 578 1651 inquam,
606 1554 665 1651 qui
684 1579 750 1626 non
769 1553 870 1627 modo
888 1579 908 1627 a
926 1552 1087 1649 religione
1112 1578 1176 1624 non
1196 1551 1365 1624 deterren-

249 1683 304 1741 tur
320 1694 340 1740 a
357 1669 566 1765 separatione
584 1683 719 1753 mutua,
739 1693 854 1739 verum
872 1668 996 1753 etiam,
1014 1666 1080 1738 nisi
1093 1690 1206 1739 eoram
1222 1665 1365 1738 eoelesia

249 1783 394 1870 nubant,
423 1782 466 1855 ud
492 1783 733 1881 separationem
757 1782 992 1882 impelluntur,
1020 1798 1058 1856 ιιι
1075 1808 1113 1856 se
1128 1808 1149 1854 a
1166 1795 1256 1854 statu
1273 1780 1367 1854 habi·

250 1897 332 1971 tuali
351 1897 477 1995 peceati
503 1895 673 1996 eripiant?
690 1897 755 1982 Qui
780 1897 1032 1969 sacramentalis
1049 1897 1177 1993 gratiae
1195 1895 1366 1995 praesidio

250 2038 317 2086 non
343 2012 544 2088 adiuvantur
569 2028 637 2085 tum
665 2011 708 2084 ad
735 2038 811 2084 sese
836 2011 977 2086 honeste
1002 2011 1212 2108 diligendos,
1234 2026 1305 2083 tum
1323 2011 1365 2083 ad

251 2153 352 2201 onera
378 2128 519 2201 ferenda
546 2127 650 2200 statui
681 2127 848 2224 coniugali
879 2126 997 2200 intime
1030 2124 1191 2211 adnexa?
1216 2126 1366 2198 Profecto

250 2242 357 2316 velint
373 2242 481 2316 nolint
497 2243 604 2340 legis,
626 2268 695 2342 qua
711 2242 754 2315 de
767 2242 899 2338 agimus
914 2300 921 2328 ‚
938 2243 1085 2315 lautores
1098 2257 1132 2315 et
1144 2256 1367 2340 propugnato

253 2385 327 2446 res,
357 2385 542 2457 numquam
567 2358 732 2444 efficient,
766 2372 803 2430 ut
821 2358 937 2432 civiles
957 2358 1093 2457 nuptiae
1111 2355 1365 2430 indissolubiles

252 2474 454 2573 saepissime
480 2490 584 2572 utque
608 2473 748 2547 stabiles
775 2474 857 2546 sint.

325 2588 377 2660 En
402 2588 504 2684 igitur
528 2589 666 2687 eopiosa
684 2614 781 2684 seges
799 2588 1075 2675 dissolutionum,
1096 2587 1260 2688 aquibus
1276 2604 1365 2661 eerte

254 2728 322 2775 non
346 2729 383 2775 se
409 2703 654 2802 temperabant,
683 2705 741 2802 qui
766 2703 896 2777 ludicra
921 2720 1049 2777 tantum
1066 2702 1235 2777 connubia
1252 2702 1365 2776 oirilia

255 2833 499 2892 contraxerunt.
521 2818 673 2892 Indidem
699 2846 785 2892 nova
801 2818 953 2918 quotidie
970 2819 1131 2893 seandala
1150 2818 1185 2889 in
1208 2817 1366 2891 societate

257 2933 485 3033 pullulabunt,
506 2963 592 3035 quae
609 2952 724 3035 aperte
741 2952 893 3035 pugnant
916 2964 994 3009 eum
1022 2935 1159 3035 publiea
1176 2935 1362 3008 honestate.

254 3049 339 3121 Nam
364 3049 412 3122 ita
437 3049 480 3123 ab
505 3051 648 3124 invicem
682 3050 836 3136 divulsi,
865 3066 922 3124 aut
954 3051 1054 3124 aliam
1087 3051 1267 3146 coniugem
1300 3049 1364 3122 sibi

255 3164 470 3253 adsciscunt,
499 3182 532 3238 et
556 3182 635 3239 tune
660 3193 784 3240 novum
807 3167 977 3240 enascitur
1002 3165 1200 3239 scandalum
1227 3165 1365 3265 polyga-

255 3280 343 3352 miae
364 3282 460 3376 (42),
488 3301 546 3354 ant
562 3309 582 3355 a
599 3281 673 3378 lege
697 3297 851 3355 vetantur
875 3282 977 3355 aliam
1003 3283 1142 3368 ducere,
1166 3297 1200 3354 et
1216 3280 1365 3354 indioent

329 3465 379 3527 (tt)
395 3465 483 3530 Reipsa
494 3467 519 3518 in
530 3468 616 3519 Galliis
627 3467 658 3519 ab
672 3483 713 3518 an.
725 3473 792 3519 1841.
802 3469 832 3519 ad
847 3483 886 3520 an.
900 3477 967 3521 1850.
980 3468 1119 3519 tribunalia
1134 3467 1220 3517 civilia
1232 3466 1366 3518 debuerunt

257 3556 386 3606 agnoscere
403 3552 496 3607 tuoto.
509 3561 570 3609 quas
580 3550 668 3597 rorant
678 3549 794 3611 eorporis
806 3549 991 3612 separationes.
1002 3550 1123 3596 Numerus
1138 3545 1237 3597 medius
1246 3549 1285 3596 est
1296 3545 1365 3608 igitur

258 3628 337 3684 tete.
348 3623 418 3674 annis
431 3624 534 3687 singolis
550 3625 750 3689 compte-rendre
764 3625 872 3690 reseret
887 3625 986 3688 officiet
999 3625 1031 3676 de
1043 3624 1280 3689 l'odmtntstretton
1294 3625 1328 3675 de
1343 3623 1368 3672 lo

250 3702 349 3766 justice
362 3704 441 3754 etoile
451 3718 483 3754 en
493 3709 596 3756 Franco
608 3720 662 3770 pur
674 3707 698 3757 te
713 3707 794 3768 parde
805 3706 837 3756 de
848 3719 947 3756 seeoux
960 3713 1027 3769 1850.
1041 3706 1174 3755 Petitiones
1185 3706 1365 3768 separationum

257 3785 367 3848 eorporis
379 3798 419 3834 an.
432 3785 605 3836 tostiuerunt
619 3789 960 3849 t,t91.an.tstt.extiterunt
975 3790 1098 3846 t‚ttt.en.
1111 3792 1178 3836 1853.
1186 3788 1277 3836 auctus
1286 3787 1322 3835 est
1332 3782 1368 3833 hie

257 3877 374 3915 numeros
394 3878 472 3928 usque
489 3864 520 3915 ad
544 3871 621 3927 laet.
637 3868 767 3930 postremis
787 3866 861 3931 igitur
880 3867 919 3916 liis
939 3865 1036 3916 dnobus
1049 3865 1365 3929 annis,ererithionume

256 3958 299 3995 rus
311 3952 365 3997 tet.
377 3945 473 3996 seilicet
482 3950 520 3995 43.
533 3959 577 4008 pro
588 3945 690 4008 singulis
701 3947 809 3996 centenis
820 3960 879 4010 prae
889 3947 959 3996 snnis
971 3945 1113 4009 praeteritis.
1130 3947 1158 3995 V.
1167 3941 1368 4008 compte-rende

256 4022 290 4074 de
303 4031 370 4075 1855.
383 4027 517 4075 Montteur
530 4025 564 4074 dn
582 4033 618 4076 tt.
627 4026 676 4075 Mal
690 4032 756 4076 1855.

331 4104 380 4166 (tr)
396 4105 494 4155 Praeter
505 4106 617 4169 superins
633 4106 706 4155 allata
716 4106 876 4167 documenta,
891 4105 991 4168 quidam
1006 4105 1091 4166 refert,
1103 4105 1129 4154 in
1140 4102 1278 4169 provinoiis
1290 4103 1368 4155 mede

258 4184 318 4234 ratis
327 4185 452 4235 Americae
460 4186 558 4250 aliquos
568 4185 691 4236 interdum
705 4186 822 4246 coniungi
837 4186 992 4237 matrimonio
1003 4185 1107 4245 diversis
1117 4185 1144 4234 in
1155 4184 1218 4235 loeis
1228 4198 1287 4235 eum
1297 4182 1368 4248 pluri·

258 4264 304 4314 bus
315 4263 467 4315 mulieribus.
476 4265 632 4316 contrahunt
641 4265 666 4315 in
676 4278 726 4315 una
737 4265 874 4329 provincia,
885 4262 1083 4329 eumque-dotem
1094 4262 1271 4333 dissipaverint
1283 4262 1370 4329 prioris

254 4343 355 4400 «usone.
366 4343 496 4396 uenierunt
507 4359 533 4395 se
546 4345 572 4394 tn
587 4345 661 4397 aliam
672 4345 838 4408 prorinoiarn,
851 4347 880 4395 nt
893 4345 967 4395 altem
978 4344 1198 4417 dnoant'osorern,
1211 4344 1238 4394 et
1249 4343 1287 4395 ita
1299 4354 1371 4409 parm
