2872 5062
224 351 294 421 tet
417 373 477 422 ur.
500 373 524 426 ι,
545 372 631 423 sacr.
654 372 783 424 surana.
805 373 845 420 na
872 371 1004 422 unrmn.
1031 371 1137 421 arvini.

223 490 302 564 ralis
333 489 519 564 honestatis
545 515 682 564 sensum
709 507 854 577 exuant,
888 507 988 589 atque
1021 488 1231 588 coniugalem
1258 504 1339 566 con-

223 607 425 682 iunctionem
443 607 542 680 unice
564 622 715 707 spectent
736 623 905 707 tamquam
934 622 1139 680 contractum
1161 607 1340 704 pmlanum

222 723 265 796 ad
290 723 492 823 explendam
518 722 695 796 libidinem
721 723 922 799 institutum.

294 838 430 912 Accedit
443 838 534 940 quod
548 838 610 926 illi,
627 840 686 939 qui
700 839 867 912 eiusmodi
880 838 1015 913 loedere
1028 837 1192 937 nuptialia
1206 838 1336 925 ineunt,

222 969 260 1027 ut
272 954 309 1025 in
322 953 365 1027 iis
378 953 512 1040 sistant,
531 980 639 1054 neque
652 954 695 1027 de
707 953 897 1028 renovando
909 979 1075 1027 consensu
1089 953 1124 1025 in
1139 953 1225 1026 facie
1237 953 1341 1027 eccle-

222 1068 294 1144 siae
310 1068 536 1144 sollicitudine
552 1069 622 1142 ulla
639 1086 819 1167 urgentur,
840 1096 915 1142 cum
938 1070 1006 1143 sint
1027 1068 1179 1142 homines
1196 1095 1338 1169 prorsus

222 1182 403 1284 irreligiosi
416 1184 576 1285 vitiisque
590 1186 721 1273 irretiti,
733 1212 773 1259 ac
780 1185 920 1285 proinde
934 1185 1061 1259 nnllam
1076 1183 1338 1270 sollicitudinem

223 1316 344 1399 gerunt
356 1298 398 1372 de
412 1300 524 1373 lutura
535 1300 615 1389 vita,
630 1302 785 1400 adquam
799 1298 1230 1387 autraro‚autnullatenus
1245 1325 1341 1372 men-

224 1430 291 1490 tem
321 1428 527 1487 convertunt.
549 1415 632 1488 Nam
653 1414 805 1514 alioquin
832 1440 1016 1515 numquam
1033 1439 1070 1486 se
1086 1412 1144 1486 illo
1169 1413 1339 1512 coniugali

223 1529 314 1603 civili
332 1545 504 1602 contractu
521 1528 701 1627 illigatam,
717 1557 817 1630 quem
835 1531 959 1631 optime
976 1545 1098 1604 norunt
1118 1556 1138 1602 a
1154 1529 1341 1603 christiana

223 1644 385 1744 religione
406 1644 597 1743 reprobari,
618 1671 680 1718 nec
697 1671 798 1747 posse
814 1672 1019 1746 quemquam
1036 1645 1111 1718 sine
1127 1649 1220 1743 gravi
1239 1645 1340 1745 culpa

224 1760 318 1834 illum
345 1760 448 1847 inire,
473 1786 514 1833 ac
539 1760 575 1831 in
600 1785 640 1834 eo
667 1758 738 1833 solo
763 1786 970 1859 permanere.
993 1762 1098 1834 lmmo
1119 1774 1158 1841 ot,
1173 1759 1257 1832 illud
1280 1787 1341 1833 no-

223 1890 311 1961 runt,
332 1899 394 1948 nec
409 1872 549 1972 legitimi
568 1889 756 1948 contractus
783 1875 946 1947 rationem
964 1872 1039 1948 illas
1057 1873 1182 1970 legales
1203 1874 1339 1972 nuptias

224 1988 366 2077 hebere,
388 1987 448 2063 sed
469 1990 569 2063 unice
594 2015 669 2063 esse
694 2015 897 2064 consensum
920 1989 962 2063 ad
987 1989 1166 2063 vivendum
1192 1988 1228 2060 in
1251 1998 1340 2063 stetu

223 2103 386 2179 habituali
421 2104 665 2180 concubinatus
691 2122 724 2180 et
749 2105 980 2181 fornicationis
1010 2105 1082 2178 sive
1108 2104 1150 2177 ad
1177 2120 1336 2203 tempus,

222 2222 295 2295 rive
314 2221 349 2293 in
369 2236 579 2320 perpetuum.
598 2221 692 2306 Quae
718 2222 865 2322 prolecto
886 2221 1065 2319 dispositio
1088 2220 1237 2294 animum
1262 2221 1340 2294 reli-

223 2338 354 2434 giosum
368 2362 407 2410 ac
421 2336 464 2408 de
478 2337 612 2436 propria
631 2337 739 2410 salute
761 2339 897 2410 anxium
915 2336 1055 2408 minime
1071 2335 1194 2435 prodit.
1212 2336 1339 2436 Ecquis

222 2476 321 2551 porro
346 2450 468 2524 dixerit
492 2452 658 2525 eiusmodi
682 2453 836 2525 homines
857 2453 961 2526 vitam
979 2452 1102 2524 ducere
1119 2451 1162 2523 ad
1185 2451 1340 2552 publicae

223 2566 408 2649 honestatis
434 2592 584 2640 normam
609 2565 863 2666 compositam?

298 2682 470 2755 Praeterea
482 2683 542 2781 qui
560 2683 608 2754 ita
619 2699 734 2780 agunt,
756 2683 791 2754 in
808 2683 956 2756 omnium
976 2681 1091 2757 oculos
1111 2681 1209 2754 facile
1228 2683 1340 2755 incur-

223 2811 318 2885 runt,
350 2795 434 2873 adeo
459 2812 495 2869 ut
521 2797 621 2870 etiam
647 2797 779 2894 magnis
810 2798 844 2868 in
874 2796 1015 2870 urbibus
1036 2795 1094 2868 ubi
1121 2796 1256 2869 facilius
1290 2813 1341 2870 est

223 2939 260 2986 se
293 2927 424 3009 tegere,
451 2928 562 2985 tamen
597 2939 672 2985 cum
705 2928 738 2985 et
766 2928 925 3010 cognatos
952 2928 985 2984 et
1014 2911 1139 2984 amicos
1170 2910 1336 2996 habeant,

168 3063 170 3070 >
225 3025 398 3126 paullatim
424 3026 558 3127 publice
590 3028 815 3103 innotescunt.
845 3029 880 3099 Si
908 3054 986 3101 vero
1011 3027 1054 3100 de
1085 3026 1197 3126 parvis
1223 3043 1340 3125 agatur

223 3143 386 3232 urbibus,
408 3141 450 3217 de
467 3143 604 3245 oppidis
625 3143 734 3243 deque
754 3142 893 3231 villulis,
917 3143 953 3215 in
975 3141 1098 3243 quibus
1116 3137 1339 3216 incolae'sese
1412 3225 1414 3230 ,

224 3259 368 3333 invicem
382 3285 424 3332 ex
442 3259 578 3332 nomine
595 3275 791 3356 agnoscunt,
811 3257 1021 3359 impossihile
1038 3257 1174 3331 omnino
1188 3257 1275 3355 ipsis
1289 3273 1341 3331 est

210 3372 324 3472 latare
350 3397 390 3446 ac
417 3373 591 3446 inlamiam
619 3372 788 3475 publicam
814 3370 973 3470 effugere.
996 3372 1105 3458 Quum
1132 3386 1257 3459 autem,
1278 3398 1340 3472 pu-

223 3485 304 3562 dore
322 3488 413 3562 omni
436 3487 578 3572 abiecto,
610 3513 684 3560 eam
710 3487 985 3586 contempserint,
1013 3511 1052 3558 eo
1077 3484 1199 3558 melius
1226 3485 1340 3586 depre-

223 3601 413 3676 hendentur
434 3601 550 3674 lerinis
569 3625 627 3674 eos
650 3628 724 3676 esse
745 3600 894 3676 moribus
912 3627 959 3673 ac
985 3599 1154 3699 publicam
1180 3599 1341 3674 honesta-

226 3734 291 3789 tem
309 3716 486 3790 abiecisse.
1378 3726 1381 3734 '

296 3834 439 3933 Insuper
465 3859 562 3905 nemo
588 3826 759 3931 negaverit
780 3833 952 3932 publicum
969 3830 1168 3906 scandalum
1184 3830 1340 3930 publicae

222 3947 358 4021 officere
372 3947 552 4034 honestati,
566 3946 711 4048 aliisque
724 3975 843 4022 ansam
858 3949 1018 4049 praebere
1030 3947 1217 4047 pessimum
1230 3971 1341 4021 exem·-

223 4063 314 4164 plum
337 4064 504 4138 imitandi.
523 4065 601 4138 Tale
613 4081 724 4138 antem
739 4065 937 4139 scandalum
954 4063 1145 4138 necessario
1163 4062 1337 4163 praebent,

131 4226 134 4232 ·
223 4181 295 4279 qui,
319 4181 510 4280 posthabita
528 4180 690 4256 ecclesiae
709 4181 793 4279 lege,
816 4182 950 4254 fictitias
967 4180 1084 4256 civiles
1102 4179 1240 4280 nuptias
1264 4205 1342 4252 con·

226 4293 391 4383 trabunt,
429 4322 467 4370 nc
497 4312 625 4370 <steros
655 4296 751 4370 lacile
781 4312 974 4397 permovent
1006 4295 1153 4396 pessimo
1187 4292 1341 4392 exemplo
