2872 5062
219 353 287 430 316
410 379 472 430 us.
493 380 517 430 r.
539 380 626 430 secr.
648 381 781 430 rtrum.
805 376 1125 429 stramineum.

216 527 315 600 gere,
336 499 475 571 minime
498 524 578 572 vero
602 496 680 571 illos
706 523 843 598 quoquo
868 496 967 568 modo
992 495 1214 580 labefactare,
1233 493 1332 566 omol-

216 615 292 703 lire,
321 629 423 712 atque
446 639 671 711 corrumpere.
695 613 780 698 Lex,
810 637 898 710 quae
922 610 1056 683 substat
1078 609 1250 696 moribus,
1271 635 1332 682 seu

216 729 260 800 iis
278 727 417 800 inferior
431 743 505 813 est,
525 727 651 800 deserit
673 742 845 799 aeternum
863 724 1012 798 officium
1031 723 1253 821 legislatoris,
1274 724 1332 822 qui

215 842 387 943 applicare
412 842 563 914 animum
587 840 701 927 debet,
730 858 768 914 ut
793 841 885 913 cives
910 839 1067 913 meliores
1093 839 1194 926 fiant,
1224 837 1335 912 nulla-

215 976 313 1033 tenus
343 958 538 1031 deteriores.
569 957 635 1029 lex
666 957 756 1031 enim
780 957 959 1029 adinstar
991 955 1223 1028 lucidissimae
1247 953 1333 1028 lacis

215 1100 293 1148 esse
305 1072 423 1160 debet,
440 1099 528 1172 quae
540 1089 678 1172 praeeat
695 1071 889 1146 nationibus
909 1071 1027 1170 eisque
1050 1070 1141 1144 riam
1160 1069 1334 1144 collustret

216 1216 257 1263 ec
279 1203 537 1276 commonstret,
571 1203 609 1262 ut
636 1204 708 1263 tuto
738 1188 913 1273 incedant,
941 1203 975 1260 et
1000 1185 1272 1285 progrediantur.
1291 1185 1335 1259 At

215 1305 269 1377 lex
286 1304 353 1376 ista
374 1303 558 1403 retropellit
574 1329 711 1378 causam
729 1304 840 1378 civilis
855 1302 981 1390 cultus,
1002 1318 1103 1402 atque
1128 1300 1329 1375 honestatis.

215 1419 359 1492 Etiamsi
374 1444 486 1492 mores
499 1419 542 1492 ad
555 1435 689 1519 tempus
703 1420 899 1494 'resisterent
911 1418 1081 1518 pessimae
1093 1416 1179 1514 legis
1188 1415 1334 1490 obleeta-

217 1551 350 1623 mento,
379 1535 584 1634 pedetentim
610 1551 721 1608 temen
747 1534 893 1635 populus
912 1535 1001 1607 cedit
1017 1533 1174 1632 propriae
1195 1532 1334 1604 infirmi·

217 1652 277 1724 tati
303 1676 343 1724 ac
369 1649 605 1749 propensioni,
626 1648 781 1749 adeoque
802 1649 856 1722 lex
877 1675 1011 1748 semper
1035 1648 1120 1722 leret
1144 1647 1333 1748 improvida

215 1781 317 1866 atque
341 1765 490 1839 funeste.
1160 1772 1162 1777 ’
1228 1830 1232 1835 .

287 1881 377 1954 Saue
396 1881 510 1954 letalis
535 1881 701 1955 eiusmodi
735 1882 932 1981 depravatio
957 1908 999 1955 ac
1022 1879 1238 1978 degeneratio
1262 1904 1335 1952 ore·
1391 1972 1393 1976 k

216 2013 325 2072 sceret
341 1997 377 2069 in
394 1997 480 2070 dies.
502 1998 587 2071 Data
604 1998 877 2097 opportunitate,
898 1997 1054 2072 licentiae
1076 2012 1207 2071 torrens
1232 2022 1335 2069 exun-

148 2197 150 2200 .
215 2111 302 2186 dans
327 2136 367 2184 ac
392 2126 525 2185 tumens
543 2112 739 2211 repagulum
757 2139 857 2185 omne
875 2127 1050 2211 superaret
1067 2111 1227 2211 aeplane
1243 2136 1335 2186 ever·

215 2243 322 2315 teret,
351 2243 453 2326 atque
478 2253 554 2301 sese
579 2228 830 2326 quodammodo
855 2228 1042 2301 effunderet
1067 2243 1248 2326 rueretque
1273 2252 1333 2325 per

214 2345 360 2430 exitum,
389 2368 490 2443 quem
516 2345 546 2415 ei
574 2342 748 2441 legislator
772 2344 971 2443 imprudens
997 2344 1206 2442 aperuisset,
1236 2343 1332 2414 inun-

214 2455 375 2556 daretque
401 2457 473 2529 suis
499 2456 724 2531 alluvionibus
751 2457 945 2532 societatem
961 2457 1006 2532 ob
1024 2457 1195 2557 stupidam
1223 2457 1332 2529 incre-

215 2571 421 2671 dibilemque
453 2597 568 2646 eorum
598 2572 879 2671 imprudentiam,
908 2574 967 2673 qui
994 2590 1106 2647 tamen
1131 2572 1331 2646 defensores

215 2685 386 2759 societatis
418 2685 558 2758 audiunt
588 2688 677 2782 (17).
702 2687 919 2787 Antipolitice
948 2688 1049 2784 igitur
1076 2687 1207 2761 censeri
1233 2685 1333 2760 debet

215 2799 268 2873 lex
299 2800 385 2888 ista,
414 2827 502 2900 quae
532 2817 629 2875 nocet
654 2802 738 2876 adeo
762 2829 893 2877 morum
918 2803 1119 2901 integritati,
1147 2829 1333 2902 eorumque

215 2916 464 3015 cormptionem
487 2930 640 3015 potenter
664 2918 748 2990 adeo
774 2917 994 2991 obsecundat.

291 3031 425 3118 Quinto.
447 3033 520 3106 Non
538 3033 697 3132 estquod
717 3032 871 3133 pluribus
897 3061 1158 3134 persequamur,
1180 3059 1271 3132 quae
1287 3033 1330 3105 ad

214 3146 437 3220 evincendum
455 3164 668 3247 assumptum
682 3148 724 3220 de
736 3148 810 3246 lege
824 3149 1031 3249 antipolitica
1048 3149 1159 3231 civilis
1178 3149 1329 3246 coniugii

214 3262 333 3361 quinto
346 3261 419 3336 loco
433 3264 610 3362 posuimus
627 3265 670 3336 de
687 3265 914 3339 destructione
927 3292 1047 3365 nempe
1060 3265 1210 3339 familiae
1222 3291 1263 3338 ac
1276 3290 1331 3338 so-

215 3376 360 3463 cietatiS,
377 3404 465 3476 quae
478 3405 518 3450 ex
532 3405 571 3452 ca
585 3395 706 3478 sponte
718 3380 820 3453 veluti
835 3407 897 3452 sua
910 3381 1065 3467 oriretur,
1081 3395 1158 3479 post
1171 3407 1224 3467 ea,
1242 3406 1330 3479 quae

213 3493 369 3592 superius
395 3493 460 3568 hoc
487 3495 530 3567 de
556 3512 753 3592 argumento
779 3495 940 3567 diximus.
968 3497 1089 3569 Paucis
1115 3513 1228 3569 tamen
1255 3522 1331 3595 per·

213 3609 388 3706 stringam,
414 3637 501 3710 quae
528 3612 594 3686 huc
619 3613 820 3685 reseruntur.
843 3614 881 3683 ln
900 3612 1049 3686 familiae
1066 3612 1329 3686 destructionem

212 3725 281 3798 vim
307 3751 404 3800 suam
429 3745 560 3802 exercet
584 3730 690 3801 maior
716 3728 860 3802 facilitas
886 3728 1143 3814 dissolutioniS,
1173 3753 1263 3826 quae
1292 3728 1326 3798 in

213 3841 380 3916 connubio
402 3869 491 3917 mere
512 3844 603 3916 civili
630 3843 790 3930 habetur;
811 3845 879 3918 vim
897 3860 1028 3917 exercet
1045 3844 1156 3917 minor
1173 3843 1324 3928 dilectio,

211 3983 298 4055 quae
323 3957 357 4028 in
385 3957 441 4030 tali
468 3959 702 4033 coniunctione
727 3976 804 4058 post
828 3958 982 4059 elapsum
1015 3959 1154 4057 aliquod
1192 3974 1328 4056 tempus

211 4070 324 4169 vigere
349 4074 540 4160 consuevit3
562 4074 630 4146 vim
649 4091 780 4147 exercet
800 4075 988 4148 animorum
1016 4074 1197 4149 dissensus
1224 4075 1326 4149 etiam

286 4348 335 4413 (17)
350 4350 389 4400 cl.
399 4350 589 4414 sannetopeit.
598 4349 746 4414 reflexione
761 4354 809 4404 etc.
822 4366 876 4417 peg.
892 4359 921 4404 aa
933 4365 1002 4416 seqq.
