2872 5062
266 384 335 433 cle.
349 384 393 432 iv.
406 384 446 433 uu
460 384 579 433 incus.
594 384 651 434 rao
670 385 748 434 iace
766 387 805 434 us
824 387 918 435 utra.
937 385 1000 434 ew.
1014 387 1085 434 aar.
1102 387 1125 434 1.
1202 364 1275 433 ati

155 481 326 575 'lentatum
347 501 453 573 suerat
472 502 652 600 alosepho
673 505 716 572 ll.
738 505 827 596 (ii).
845 502 950 600 ldque
970 502 1086 601 plures
1103 501 1203 574 aulici
1222 529 1278 574 ca·

156 619 320 690 nonistae
340 617 499 691 austriaci
521 618 653 716 imperii
678 618 843 716 superiori
870 633 976 690 aetate
1002 617 1175 690 adstruere
1201 621 1276 690 ausi

158 745 243 805 bunt
270 735 360 827 (25);
385 747 438 806 est
466 733 613 815 frustra,
642 749 833 806 constanter
857 734 908 806 eis
930 734 1102 806 obnitente
1119 717 1273 806 eeclesia.

164 849 281 945 Neque
294 872 454 946 umquam
468 847 552 918 haee
569 846 767 920 obtinebunt
784 847 993 944 legislatores
1012 847 1200 946 subalpini,
1218 874 1279 920 nec

162 957 279 1036 eorum
301 963 514 1049 canonistae,
536 978 572 1034 ut
593 964 640 1035 lo.
663 965 845 1059 Nepomuc.
869 965 997 1062 Nuytz,
1019 979 1076 1033 aut
1093 978 1280 1035 assentato-

155 1074 239 1150 'rum
263 1077 382 1162 turba,
407 1104 482 1149 cum
506 1078 589 1150 baec
614 1076 727 1150 omnia
753 1076 972 1149 adversentur
1001 1077 1202 1174 dogmaticis
1224 1104 1280 1150 ea-

165 1192 311 1266 nonibus
338 1191 550 1276 tridentium,
578 1193 636 1291 qui
664 1193 792 1263 immoti
820 1194 1001 1290 persistent
1017 1195 1105 1288 (it).

239 1309 307 1380 Nec
337 1307 514 1406 quidpiam
538 1306 635 1379 obest
660 1323 875 1404 praetextus,
905 1333 1004 1405 quem
1031 1307 1182 1379 nonnulli
1210 1334 1281 1381 ora-

166 1441 256 1496 tores
282 1423 318 1494 in
343 1423 490 1496 comitiis
517 1422 706 1521 subalpinis
727 1422 761 1492 in
786 1421 934 1494 medium
960 1422 1161 1509 attulerunt,
1190 1424 1280 1522 quod

166 1565 289 1637 nempe
306 1536 358 1610 lex
376 1523 486 1611 civilis
504 1564 570 1610 non
590 1539 698 1636 possit
723 1538 805 1636 quin
829 1537 932 1610 violet
956 1537 1080 1609 civium
1106 1539 1282 1610 conscien-

159 1654 248 1726 tiam
266 1679 384 1750 eogere
401 1653 479 1740 eo's,
502 1654 560 1752 qui
579 1654 731 1726 inritum
750 1653 945 1750 religiosum
963 1678 1025 1724 seu
1038 1669 1281 1725 sacramentum

157 1754 235 1842 ¹‘non
262 1769 422 1854 credunt,
452 1769 494 1841 ad
525 1768 609 1840 illud
635 1768 908 1868 suscipiendum3
938 1795 1016 1841 nam
1039 1768 1130 1841 nulla
1155 1771 1282 1842 ratione

164 1909 282 1957 eorum
308 1882 451 1956 laeditur
483 1885 708 1957 conscientiae
742 1884 903 1968 libertas,
932 1885 991 1982 qui
1018 1874 1085 1957 non
1111 1884 1277 1971 credunt,

168 2024 243 2072 cum
262 2015 463 2098 peractum,
485 2026 585 2098 quem
604 2015 721 2098 putant
738 2000 963 2097 superfluum,
988 1990 1056 2072 non
1080 2016 1182 2096 agant
1203 2026 1283 2072 con-

167 2133 219 2187 tm
233 2114 485 2188 conscientiam.
505 2117 596 2186 Tunc
614 2113 722 2186 solum
740 2113 943 2198 laederetur,
966 2114 995 2184 si
1014 2115 1170 2186 illicitum
1187 2114 1282 2186 illum

161 2214 353 2317 baberent,
384 2229 475 2328 quod
502 2229 649 2328 prolecto
678 2227 846 2301 eiusmodi
872 2228 1028 2301 homines
1053 2229 1153 2301 talem
1181 2230 1281 2302 ritum

168 2373 235 2418 aon
248 2344 465 2431 arbitrantur,
476 2345 537 2418 sed
552 2344 594 2416 ad
614 2369 782 2416 summum
802 2358 839 2415 ut
854 2342 1101 2416 indifferentem
1121 2362 1284 2444 respuunt

102 2537 104 2540 Α
164 2474 210 2532 ‘ac
232 2460 557 2556 dedignantur(2‘l).

228 2746 279 2809 (24)
295 2746 333 2796 ci.
350 2746 476 2810 Apoloqia
490 2744 536 2796 del
549 2750 717 2797 omtrimonto
733 2750 874 2806 cristiano,
896 2750 965 2798 ossio
984 2750 1111 2798 Memoria
1130 2743 1224 2798 critico
1242 2761 1284 2798 ca·

162 2829 264 2875 'motta
273 2824 406 2889 spolitino
421 2837 471 2888 per
487 2828 588 2875 servire
598 2825 627 2875 di
636 2829 752 2890 reposta
767 2825 797 2876 cl
812 2829 924 2877 imitato
944 2826 1079 2876 intitulato
1093 2826 1169 2889 Deol'
1178 2825 1284 2890 impedi·

162 2907 253 2956 ,menti
267 2905 403 2967 decimati
415 2905 437 2955 u
447 2907 581 2956 contraite
592 2906 620 2956 di
633 2909 802 2956 matrimonio
819 2906 935 2970 ne'pcesi
949 2906 1019 2956 tuest
1033 2908 1164 2957 austriaci
1174 2905 1286 2955 secondo

170 2985 209 3049 oti
224 2985 301 3036 editu
317 2985 346 3035 di
361 2999 383 3035 s.
394 2998 430 3036 m.
451 2985 469 3034 l’
475 2989 632 3050 imperatore
643 2999 695 3036 ere
708 2989 833 3051 Gioseppe
844 2989 886 3036 11.
895 2987 935 3037 dei
946 2993 984 3036 28.
996 2986 1112 3036 settemb.
1128 2990 1195 3036 1784.
1209 2989 1300 3059 siras-'3

99 3089 104 3098 ·
173 3064 251 3127 bourg
268 3066 337 3115 1790.
352 3064 429 3114 cuius
441 3067 523 3114 tamen
535 3077 671 3127 anonymus
687 3069 773 3115 auctor
788 3065 908 3115 adnititur
923 3065 1057 3128 benigniori
1073 3076 1144 3114 sensu
1165 3064 1225 3114 baec
1247 3063 1288 3115 102·

119 3141 120 3144 ’
168 3144 242 3208 sephi
263 3145 294 3194 ii,
306 3143 387 3194 edicta
406 3144 567 3207 interpretari.
580 3147 672 3195 Verum
690 3147 738 3194 hoc
752 3146 783 3196 de
799 3148 941 3209 argumento
957 3147 982 3195 in
998 3145 1136 3208 insequenti
1158 3144 1222 3195 libro
1239 3145 1288 3194 dis·

173 3236 290 3273 seremus.
747 3257 748 3260 η

246 3303 297 3366 (25)
310 3303 508 3368 crassiorem
523 3309 561 3355 De
578 3308 791 3355 matrimonium
807 3306 896 3355 eccles.
912 3304 1009 3355 cathol.
1028 3305 1151 3368 Augustae
1167 3304 1287 3355 Vindelic.

176 3389 244 3435 tati.
254 3389 316 3434 tom.
328 3386 348 3435 1.
360 3384 398 3448 §§.
413 3393 449 3436 12.
462 3393 499 3436 lt.
509 3399 564 3448 pag.
577 3391 653 3437 1416.

168 3511 189 3531 Ι,
240 3464 299 3528 ¹(at)
315 3465 431 3528 Apposite
442 3465 555 3528 princeps
564 3465 595 3516 de
605 3467 751 3528 Metternich
766 3466 805 3528 iis,
818 3466 862 3529 qui
878 3479 935 3515 eum
949 3431 1157 3529 interrogaverant
1166 3465 1232 3516 eirca
1241 3478 1289 3516 ma·
1313 3532 1315 3538 Ι
1424 3476 1427 3481 ’

174 3545 318 3594 trimonium
328 3544 415 3605 civile,
429 3549 457 3594 ut
467 3547 492 3594 in
502 3545 600 3595 nustria
611 3546 758 3608 sanciretur,
768 3544 905 3608 respondit:
918 3566 930 3588 «ι
939 3545 1250 3608 Messieurs,1aitesautaut
1260 3544 1292 3594 de

174 3624 236 3687 lois,
247 3637 297 3687 que
306 3637 368 3675 rous
378 3624 469 3687 piaira,
481 3625 544 3674 mais
555 3625 572 3674 ii
584 3626 624 3687 n’y
635 3638 650 3674 a
661 3621 705 3688 pas
714 3624 821 3675 d'sutres
831 3625 878 3674 lois
889 3637 932 3674 sur
940 3624 964 3675 ie
974 3626 1094 3689 mariage,
1106 3638 1155 3688 qne
1170 3625 1243 3675 celtes
1256 3623 1291 3673 du

173 3702 267 3753 concile
279 3703 310 3752 de
324 3705 426 3766 Trente3
436 3705 567 3767 queisques
577 3705 657 3754 soient
670 3717 715 3752 vos
724 3705 827 3765 statute,
839 3704 870 3753 iis
881 3706 965 3754 serent
977 3705 1033 3754 nuis
1046 3704 1170 3754 danstout
1178 3717 1206 3753 ee
1217 3702 1291 3765 qu’ils

174 3783 264 3833 auroat
273 3783 395 3833 contraire
407 3783 421 3832 t
432 3783 456 3833 la
465 3783 603 3846 legislatiou
617 3782 648 3832 de
658 3783 760 3846 l'egiise:
769 3784 794 3844 je
804 3783 904 3846 regarde
913 3797 1009 3834 comme
1018 3798 1066 3834 une
1076 3783 1134 3834 tolie
1141 3783 1172 3833 de
1182 3795 1267 3845 penset
1278 3781 1292 3830 i

176 3861 305 3913 beneficiet
324 3877 367 3912 sor
386 3865 449 3914 cette
465 3864 580 3925 matiere3
591 3877 623 3913 on
634 3863 674 3912 u’a
685 3863 743 3925 qu’a
755 3865 908 3913 reconnoitre
918 3864 953 3914 ies
964 3863 1115 3913 institutions
1131 3860 1162 3912 de
1175 3861 1290 3924 i’eglise.»

174 3943 215 3993 ct.
232 3946 341 3994 Univers
353 3951 389 3994 18.
401 3945 473 3994 Fert.
486 3951 555 3996 1856.
1022 4009 1025 4017 ,
1202 3974 1211 3991 ,

249 4023 301 4087 (27)
316 4023 389 4081 Quod
395 4023 541 4074 celebriores
552 4024 718 4074 iurisconsulti
728 4026 889 4087 agnoverunt,
898 4026 961 4075 inter
970 4023 1183 4088 quosutasune
1192 4021 1289 4072 scribit:

166 4107 187 4144 'a
199 4105 267 4152 Dans
277 4116 323 4152 nos
331 4103 435 4153 socittes
445 4104 583 4166 civilistes,
598 4105 616 4153 il
628 4118 660 4155 ne
675 4105 729 4154 faut
738 4107 910 4168 pas'supposer
923 4105 983 4167 qu’ii
994 4103 1054 4167 yait
1063 4102 1107 4153 des
1116 4103 1228 4152 hommes
1235 4113 1293 4150 sans

173 4196 295 4246 croyance
313 4183 459 4246 religieuse3
480 4186 505 4233 et
523 4183 608 4247 quand
625 4197 657 4233 on
674 4185 748 4235 serait
763 4185 856 4234 certain
872 4184 933 4248 qu’ii
948 4197 978 4234 en
994 4185 1087 4246 existe,
1104 4196 1136 4233 on
1150 4196 1183 4233 ne
1194 4181 1292 4231 devrait

177 4263 249 4326 point
259 4262 359 4326 d’tgard
369 4262 384 4313 i
393 4263 447 4313 leur
458 4263 525 4313 tolie.
538 4264 572 4312 Ge
580 4275 612 4312 ne
621 4264 695 4314 serait
707 4277 751 4326 pas
761 4263 815 4314 leur
828 4263 888 4313 iaire
896 4276 946 4320 une
957 4262 1066 4312 violence
1078 4262 1191 4311 iueheuse
1203 4272 1251 4323 que
1262 4259 1292 4309 de

175 4342 212 4394 ies
222 4341 341 4406 obligeri
352 4345 435 4406 porter
446 4356 494 4392 aua
505 4343 574 4406 pieds
585 4343 628 4394 des
640 4344 719 4395 autels
731 4344 766 4396 ies
777 4345 908 4406 sermonis,
919 4343 961 4406 qui
972 4342 1185 4416 ioutdevantieur
1192 4342 1293 4391 maire.»
