2872 5062
545 466 704 555 oni-un
725 499 770 553 v.

239 694 427 746 ARGUMENTA
454 694 511 742 PRO
538 695 708 743 SENTENTIA
733 694 773 742 on
798 693 1071 745 conrnrunurmus

121 793 295 858 cnmsrlnttl
315 791 499 842 unlnlttottll
518 791 673 840 lllNlSTlllS
686 792 888 842 Annnnuuron
905 793 942 842 ΕΤ
968 791 1202 844 EXPENDUNTUR.

485 1014 488 1020 ,
534 955 739 1012 ARTlCULUS
759 957 780 1010 l.

406 1086 417 1120 ’·
494 1060 672 1175 Argumenta
692 1063 812 1160 Biblioe.

178 1283 297 1355 Breues
324 1282 448 1381 pariter
469 1282 594 1354 erimus
618 1282 654 1353 in
678 1282 906 1379 expendendis
931 1284 1139 1359 documentis
1157 1287 1209 1359 hi-

108 1396 205 1470 hliois
231 1396 322 1469 illius
347 1397 548 1483 sententiae,
569 1422 654 1496 qnae
672 1413 860 1496 propugnat
879 1399 1111 1474 contrahentes
1131 1428 1208 1475 esse

107 1512 275 1585 ministros
299 1511 498 1584 sacramenti
522 1512 736 1586 matrimonii.
759 1514 940 1589 Fatendum
958 1515 1047 1587 enim
1065 1533 1116 1589 est
1132 1517 1208 1589 nul-

107 1627 172 1698 lum
186 1626 345 1712 hihlionm
359 1626 506 1725 palmare
520 1627 744 1701 testimonium
758 1629 908 1726 reperiri,
925 1630 1014 1727 quod
1027 1656 1097 1702 rem
1110 1630 1209 1728 plane

107 1743 270 1816 conficiat.
299 1742 523 1814 Nihilominus
557 1741 717 1814 hihlioum
744 1744 969 1817 testimonium
995 1771 1062 1818 non
1087 1746 1206 1832 deest,

106 1884 171 1955 qno
196 1857 261 1929 ista
280 1841 445 1928 sententia
469 1855 586 1928 saltem
612 1856 818 1943 insinuetur,
842 1873 960 1956 estque
978 1857 1062 1930 illud
1080 1860 1205 1958 ipsum,

106 1971 195 2070 quod
216 1998 257 2044 ex
278 1987 388 2043 mente
407 1970 580 2044 'tridentini
605 1973 711 2043 innuit
735 1973 983 2045 matrimonium
1009 1974 1209 2048 christiano-

109 2113 179 2159 rum
200 2090 281 2159 [vere
300 2108 376 2159 esse
393 2102 637 2159 sacramentum
656 2084 862 2182 novaelegis
879 2113 900 2158 a
916 2086 1049 2160 Christo
1065 2088 1208 2161 Domino

109 2201 293 2291 institutum
310 2200 353 2272 ad
370 2200 510 2297 gratiam
534 2199 782 2287 conserendam,
811 2226 901 2297 quae
925 2226 1070 2273 amorem
1095 2203 1211 2274 oonin-

106 2342 183 2412 gum
208 2313 391 2388 naturalem
410 2304 578 2412 perficiat,
599 2338 638 2385 no
655 2312 924 2386 indissolubilem
949 2315 1109 2387 unitatem
1134 2340 1209 2397 eone

107 2431 234 2518 firmet,
261 2431 488 2528 coniugesque
516 2428 709 2500 sanctificet.

180 2545 417 2618 Testimonium
448 2559 557 2616 autem
590 2544 654 2617 hoo
687 2543 784 2617 nohis
815 2544 1006 2644 suppeditat
1030 2544 1208 2643 Apostolus

107 2661 231 2760 Ephes.
248 2661 284 2732 V.
300 2661 478 2760 Postquam
495 2660 584 2732 enim
600 2685 633 2732 v.
653 2663 710 2731 31.
728 2661 970 2744 institutionem
992 2661 1138 2757 coniugii
1158 2661 1209 2732 in-

109 2775 156 2846 ter
180 2774 285 2848 Adam
309 2791 342 2848 et
365 2776 490 2848 Hevam
520 2775 558 2852 ¹in
591 2775 736 2848 terrestri
763 2766 920 2875 paradiso
948 2763 1121 2849 retulisset·
1140 2775 1208 2847 illis

110 2889 241 2963 verbis:
268 2893 440 2989 «Propter
463 2890 527 2964 hoc
552 2890 717 2990 relinquet
741 2890 841 2964 homo
862 2906 988 2989 patrem
1013 2907 1046 2964 et
1070 2906 1209 2963 matrem

107 3031 224 3093 suam,
253 3023 287 3080 et
310 3005 506 3081 adhaerebit
535 3007 629 3080 uxori
655 3032 755 3078 suae:
783 3021 816 3079 et
839 3021 936 3079 erunt
960 3006 1026 3078 duo
1051 3007 1210 3078 incarne

110 3149 200 3196 una»
212 3149 366 3223 quaeque
381 3138 419 3195 ut
435 3146 455 3194 a
470 3122 548 3195 Deo·
562 3120 690 3220 prolata
707 3118 864 3205 Christus
878 3122 952 3219 ipse
969 3119 1121 3201 exhihuit
1132 3121 1210 3193 Mat

107 3236 154 3308 th.
169 3238 256 3309 xlx.
274 3241 324 3323 δᾴ,
341 3236 492 3336 protinus
518 3234 632 3308 suhdit
655 3234 834 3332 Apostolus
855 3261 887 3308 v.
908 3236 964 3306 32.
984 3263 1001 3319 n
1014 3235 1209 3308 Sacramen-

107 3367 174 3424 tum
200 3352 265 3426 hoe
289 3377 445 3448 magnum
470 3366 538 3437 est;
567 3376 629 3447 ego
654 3365 764 3423 autem
798 3349 873 3422 dieo
898 3350 933 3420 in
959 3349 1090 3423 Christo
1116 3366 1149 3424 et
1172 3352 1208 3422 in
1329 3439 1332 3443 λ

105 3467 285 3540 eeclesia.»
792 3540 795 3545 ,
1171 3551 1174 3557 ,
1203 3474 1206 3481 “

177 3583 269 3656 Haeo
286 3594 385 3680 porro
402 3583 503 3656 verha
520 3609 585 3656 non
603 3582 646 3654 ad
664 3582 772 3654 solum
791 3595 1209 3680 protoparentum'nostro-

108 3708 180 3770 rum
204 3698 404 3794 coniugium
420 3697 554 3786 referri,
575 3698 635 3772 sed
659 3714 692 3771 et
717 3697 760 3769 ad
786 3712 1012 3796 posterorum,
1033 3697 1209 3796 potissime

106 3821 182 3886 vero
200 3813 243 3885 a'd
260 3813 517 3888 christianorum
533 3814 689 3911 coniugia
705 3839 781 3887 sese
797 3803 990 3899 extendere,
1011 3828 1081 3885 tum
1098 3813 1207 3885 sancti

107 3926 268 4001 eeclesiae
299 3943 429 4027 patres,
456 3945 525 4003 tum
550 3956 633 4002 rom.
660 3929 860 4028 pontifices,
887 3945 987 4027 atque
1012 3927 1221 4024 interpretes

105 4040 281 4114 christiani
309 4053 430 4117 ‚omnes
462 4044 655 4143 profitentur
679 4071 719 4118 ex
747 4060 856 4117 mente
878 4041 1051 4141 Apostoli,
1080 4039 1137 4138 qui
1160 4039 1222 4130 ad·
1248 4055 1249 4058 ’

106 4158 406 4231 commendandum
438 4175 588 4232 mutuum
616 4159 792 4257 onningum
826 4158 974 4239 lidelium
998 4180 1143 4229 amorem
1168 4180 1208 4227 ea

108 4267 266 4370 loquendi
290 4273 417 4347 ratione
442 4301 525 4347 usus
551 4290 611 4348 est.
