2872 5062
206 370 275 419 GEP.
287 372 331 420 lV.
344 372 384 420 DE
398 371 516 420 medii.
535 372 592 421 rito
606 373 685 422 LEGE
699 375 738 422 DE
752 375 847 423 divit.
861 373 923 423 civ.
943 374 1013 424 inv.
1032 375 1078 424 111.
1151 353 1217 425 illd

106 490 308 564 tholieorum
325 489 360 560 id
378 490 502 577 sensit,
526 507 585 562 aut
608 491 732 564 docuit.
755 492 820 563 Sed
838 519 962 564 munus
985 493 1141 566 catholici
1159 501 1220 592 gn*

107 607 215 679 bernii
242 620 293 677 est
317 605 465 692 efficere,
492 622 529 678 ut
554 607 671 704 religio
697 634 784 707 quae
809 609 978 681 declarata
1001 626 1053 682 est
1077 611 1147 682 solo
1174 629 1221 683 to-

107 725 172 795 tius
195 724 291 819 regni
313 722 428 818 religio
452 721 496 794 ab
518 723 675 796 omnibus
707 740 858 797 servetur
878 741 916 796 ut
934 725 1044 826 deeetj
1071 726 1221 827 alioquin

108 841 137 912 si
164 840 302 937 impune
328 862 368 909 ac
392 854 491 936 prout
519 838 612 911 lubet
642 841 770 937 passim
795 840 957 926 violetur,
991 857 1103 913 actum
1129 848 1220 915 esset

107 956 154 1027 de‘
168 953 383 1027 observantia
403 970 437 1025 et
456 953 619 1051 obsequio
641 955 731 1053 quod
756 954 910 1051 religioni
928 955 1079 1028 debetur.
1102 958 1140 1028 ln
1163 983 1220 1029 cu-

108 1072 230 1168 iusque
248 1068 331 1141 soret
357 1069 495 1141 arbitrio
521 1095 595 1140 eam
622 1070 838 1167 proculcare,
869 1071 1045 1170 profanare
1072 1063 1237 1170 templa,
1344 1062 1347 1072 ’

108 1184 320 1259 contumeliis
348 1184 538 1257 sacerdotes
566 1185 727 1271 obruere,
756 1186 830 1259 dies
857 1187 960 1260 lestos
986 1187 1131 1286 publicis
1149 1213 1222 1261 mo*

109 1301 284 1374 litionibus
309 1300 456 1388 violare,
487 1301 621 1401 aliaque
646 1302 811 1375 eiusmodi
839 1329 1022 1402 peragere,
1053 1303 1221 1402 aquibus

108 1417 256 1515 perversi
275 1416 430 1490 homines
456 1418 588 1490 arbitrii
615 1420 667 1489 sui
693 1419 920 1491 moderatores
946 1447 1012 1492 non
1039 1419 1221 1492 abhorrent

111 1533 145 1603 in
171 1533 274 1606 totius
308 1532 481 1629 religionis
516 1549 743 1631 contemptum
775 1559 815 1605 ac
839 1535 1059 1607 eversionem.
1093 1535 1224 1631 Ergone

110 1650 255 1722 maiores
275 1649 404 1735 nostri,
424 1648 483 1747 qui
501 1649 638 1721 modum
664 1653 850 1747 posuerunt
873 1648 1026 1721 scelestis
1049 1648 1222 1745 religionis

111 1763 397 1863 profanatoribus,
410 1789 536 1862 eosque
550 1763 591 1834 ad
605 1763 772 1850 officium,
794 1771 967 1835 externum
983 1763 1113 1850 saltem,
1130 1769 1224 1862 prae

110 1880 269 1953 standum
295 1879 546 1979 compulerunt,
576 1879 683 1952 luisse
713 1880 886 1952 iudicandi
905 1886 982 1952 sunt
1001 1881 1091 1952 caeci
1110 1906 1148 1952 ae
1167 1906 1224 1952 sus

111 1997 294 2098 perstitiosi
313 1996 478 2096 usquead
497 2021 617 2068 novam
634 1995 760 2082 lucem,
777 2022 879 2094 quarn
892 1996 1028 2068 tandem
1042 1995 1223 2094 aliquando

109 2110 266 2185 hodierni
292 2111 530 2208 legumlatores
557 2107 788 2182 induxemnt?

182 2229 255 2300 Non
273 2227 336 2300 lert
353 2226 538 2299 catholicae
564 2224 737 2321 religionis
763 2224 912 2311 indoles,
932 2240 969 2296 ut
982 2228 1147 2321 'cogantur
1165 2223 1223 2295 im}

111 2345 159 2443 pii
186 2339 230 2416 ad
256 2366 296 2416 oa
322 2343 526 2442 praestanda
551 2341 685 2427 officia,
711 2341 836 2441 quibus
862 2368 920 2422 eos
940 2339 1147 2413 conscientia
1165 2339 1224 2411 de÷

108 2461 237 2546 vincit,
266 2461 360 2532 iuxta
384 2474 548 2532 oratorem
568 2475 735 2544 nostrum;
757 2473 903 2530 attamen
920 2456 1122 2556 saepissime
1140 2455 1224 2528 haec

110 2577 187 2675 ipsa
213 2575 332 2672 religio
359 2574 548 2646 subsidium
576 2572 732 2644 adhibuit
753 2572 884 2644 brachii
905 2570 1106 2657 saecularis,
1132 2570 1223 2670 quod

110 2705 234 2764 vocant
250 2684 263 2775 ,⁴
286 2705 324 2761 ut
347 2689 521 2762 coactione
546 2704 681 2760 externa
706 2687 994 2786 quovistempore
1021 2685 1223 2758 reluctantes

111 2799 263 2904 adigeret
280 2805 323 2876 ad
341 2800 615 2904 obsequendum,
631 2819 732 2902 etque
750 2802 792 2875 ad
811 2828 926 2875 eorum
948 2801 1225 2900 compescendam

113 2922 302 2994 audaciam.
321 2920 410 3006 Quid
437 2936 560 2992 norunt
581 2919 657 2992 novi
684 2919 740 2990 isti
766 2918 974 3014 legislatores
992 2916 1035 2990 de
1053 2915 1224 3011 religionis

112 3036 251 3122 indole?
275 3037 469 3136 Respieiant
494 3036 605 3134 potius
632 3033 942 3133 protestantismum
962 3048 994 3103 et
1019 3030 1225 3127 anglicanis·-

112 3179 232 3239 mum,
250 3152 309 3250 qui
337 3167 416 3224 sunt
440 3149 628 3247 exemplum
651 3149 802 3220 cui'sese
823 3147 1029 3218 ccnlormare
1047 3144 1139 3216 omni
1161 3170 1225 3242 ope

113 3268 270 3354 student,
293 3267 498 3364 videantque
524 3289 604 3337 num
624 3263 802 3363 principes
828 3276 1049 3362 protestantes
1071 3274 1103 3339 et
1123 3260 1226 3356 angli-

112 3384 189 3456 cani
211 3398 332 3480 cogant
354 3382 477 3454 necne
501 3372 657 3453 subditos
678 3398 757 3452 suos
776 3378 818 3449 ad
836 3404 875 3450 ea
893 3376 1114 3476 praestanda,
1139 3400 1226 3476 quae

113 3500 280 3598 cuiusque
314 3512 420 3571 status
449 3497 567 3594 religio
592 3496 635 3569 ab
661 3496 748 3593 ipsis
778 3488 885 3591 ‘exigit
915 3495 1003 3589 (si),
1032 3495 1149 3593 ltaque
1175 3493 1226 3564 iri-

189 3794 240 3858 (ai)
256 3796 301 3844 Ex.
312 3807 348 3857 gr.
357 3783 407 3856 quo
416 3792 495 3856 rigam
507 3793 595 3854 cogant
606 3790 739 3839 catholicos
749 3787 781 3838 ad
790 3789 920 3838 solvendas
931 3788 1039 3838 decimas
1049 3787 1101 3837 sive
1111 3786 1136 3835 in
1144 3785 1232 3850 Augila

109 3869 167 3924 'sive
178 3875 204 3922 in
210 3873 327 3924 Hibernia
337 3863 471 3936 anglicanis
482 3864 663 3938 s'iv'e'episcopis
672 3869 723 3920 sive
732 3869 787 3919 aliis
797 3868 952 3918 inleriorlbus
963 3868 1089 3928 ministris,
1098 3866 1144 3917 elsi
1151 3867 1231 3916 catho-

115 3954 156 4003 lici
168 3953 271 4003 islorum
284 3965 359 4015 opera
374 3965 453 4014 neque
466 3950 637 4012 unornane
652 3948 689 3998 nti
705 3948 800 4013 possint
811 3948 836 3996 in
849 3947 972 4010 religionis
988 3945 1093 4008 negotio.

186 4035 241 4082 llon
259 4032 295 4081 ita
308 4031 404 4095 pridem
420 4020 498 4093 pistor
514 4031 539 4079 in
556 4030 643 4092 Anglia
658 4028 802 4091 gravissima
817 4029 855 4078 est
867 4038 945 4091 poena
957 4027 1074 4076 multatus
1083 4026 1127 4088 qni
1140 4039 1231 4088 pancos

109 4110 191 4175 'panes
201 4110 347 4161 vendiderat
356 4110 454 4160 cuidam
462 4109 611 4160 necessarios
621 4123 650 4159 eo
659 4107 726 4172 quod
737 4122 767 4158 ex
776 4109 910 4170 improviso
917 4107 948 4156 ad
958 4120 1015 4156 eum
1025 4102 1178 4174 pervenerint
1185 4101 1231 4156 ’ad-

115 4203 193 4242 venae
209 4191 283 4242 amici
297 4192 322 4242 et
337 4189 470 4254 propinqui
485 4189 610 4239 dominica
625 4190 672 4240 die.
686 4192 737 4238 vae
758 4191 839 4239 autern
856 4188 892 4237 illi
908 4187 950 4250 qui
967 4187 992 4236 in
1008 4185 1195 4251 protestantium
1207 4188 1231 4236 el

114 4272 298 4335 anglicanomm
307 4271 419 4336 templis,
432 4269 530 4333 aliquid·
539 4269 646 4319 indecori
658 4271 796 4333 perageret!
807 4271 856 4318 Nec
866 4268 890 4317 in
902 4268 948 4316 hoc
962 4271 1019 4318 sunt
1030 4264 1230 4334 reprehendendi,

115 4350 137 4400 si
148 4351 335 4414 phariseismunr
355 4351 476 4414 excipias,
493 4350 535 4412 qni
553 4349 620 4413 apud
642 4349 698 4399 illos
714 4349 793 4412 viget,
812 4350 839 4398 ul
855 4350 923 4411 patet
937 4363 966 4398 ex
980 4348 1080 4410 pistoris
1090 4347 1222 4410 exemplo.-

1159 4427 1180 4469 s
