<?xml version="1.0" encoding="UTF-8"?>
<!DOCTYPE html PUBLIC "-//W3C//DTD XHTML 1.0 Transitional//EN"
    "http://www.w3.org/TR/xhtml1/DTD/xhtml1-transitional.dtd">
<html xmlns="http://www.w3.org/1999/xhtml" xml:lang="en" lang="en">
 <head>
  <title>
</title>
<meta http-equiv="Content-Type" content="text/html;charset=utf-8" />
  <meta name='ocr-system' content='tesseract 3.04.00' />
  <meta name='ocr-capabilities' content='ocr_page ocr_carea ocr_par ocr_line ocrx_word'/>
</head>
<body>
  <div class='ocr_page' id='page_1' title='image "./dematrimoniochr00perrgoog_0171.png"; bbox 0 0 2872 5062; ppageno 0'>
   <div class='ocr_carea' id='block_1_1' title="bbox 234 376 1136 448">
    <p class='ocr_par' dir='ltr' id='par_1_1' title="bbox 234 376 1136 448">
     <span class='ocr_line' id='line_1_1' title="bbox 234 376 1136 448; baseline -0.001 -3"><span class='ocrx_word' id='word_1_1' title='bbox 234 376 301 446; x_wconf 84' lang='lat' dir='ltr'>tto</span> <span class='ocrx_word' id='word_1_2' title='bbox 425 399 485 447; x_wconf 82' lang='lat' dir='ltr'>un.</span> <span class='ocrx_word' id='word_1_3' title='bbox 506 399 542 448; x_wconf 92' lang='lat' dir='ltr'>u.</span> <span class='ocrx_word' id='word_1_4' title='bbox 564 398 649 448; x_wconf 82' lang='lat' dir='ltr'>seor.</span> <span class='ocrx_word' id='word_1_5' title='bbox 671 399 693 446; x_wconf 88' lang='grc' dir='ltr'>ι.</span> <span class='ocrx_word' id='word_1_6' title='bbox 715 399 754 447; x_wconf 82' lang='lat' dir='ltr'>nr</span> <span class='ocrx_word' id='word_1_7' title='bbox 772 399 902 448; x_wconf 78' lang='lat' dir='ltr'>sunnin.</span> <span class='ocrx_word' id='word_1_8' title='bbox 920 398 1136 448; x_wconf 71' lang='lat' dir='ltr'>sumturum.</span> 
     </span>
    </p>
   </div>
   <div class='ocr_carea' id='block_1_2' title="bbox 229 512 1341 2560">
    <p class='ocr_par' dir='ltr' id='par_1_2' title="bbox 229 512 1340 2444">
     <span class='ocr_line' id='line_1_2' title="bbox 234 512 1335 614; baseline 0 -27"><span class='ocrx_word' id='word_1_9' title='bbox 234 517 441 614; x_wconf 80' lang='lat' dir='ltr'>nuptiarum,</span> <span class='ocrx_word' id='word_1_10' title='bbox 469 540 508 587; x_wconf 89' lang='lat' dir='ltr'>ao</span> <span class='ocrx_word' id='word_1_11' title='bbox 533 515 678 601; x_wconf 91' lang='lat' dir='ltr'>rituum,</span> <span class='ocrx_word' id='word_1_12' title='bbox 698 515 823 614; x_wconf 93' lang='lat' dir='ltr'>quibus</span> <span class='ocrx_word' id='word_1_13' title='bbox 841 513 1044 588; x_wconf 90' lang='lat' dir='ltr'>connubium</span> <span class='ocrx_word' id='word_1_14' title='bbox 1061 512 1263 599; x_wconf 74' lang='lat' dir='ltr'>celebratur,</span> <span class='ocrx_word' id='word_1_15' title='bbox 1284 530 1335 587; x_wconf 90' lang='lat' dir='ltr'>ta-</span> 
     </span>
     <span class='ocr_line' id='line_1_3' title="bbox 233 629 1335 728; baseline 0.002 -28"><span class='ocrx_word' id='word_1_16' title='bbox 233 630 298 703; x_wconf 91' lang='lat' dir='ltr'>lem</span> <span class='ocrx_word' id='word_1_17' title='bbox 323 629 481 728; x_wconf 87' lang='lat' dir='ltr'>assequi</span> <span class='ocrx_word' id='word_1_18' title='bbox 507 629 692 702; x_wconf 88' lang='lat' dir='ltr'>sanctificat</span> <span class='ocrx_word' id='word_1_19' title='bbox 716 629 1004 715; x_wconf 89' lang='lat' dir='ltr'>coniunctionem,</span> <span class='ocrx_word' id='word_1_20' title='bbox 1032 655 1099 728; x_wconf 90' lang='lat' dir='ltr'>qua</span> <span class='ocrx_word' id='word_1_21' title='bbox 1125 653 1270 726; x_wconf 89' lang='lat' dir='ltr'>sponsus</span> <span class='ocrx_word' id='word_1_22' title='bbox 1300 647 1335 703; x_wconf 90' lang='lat' dir='ltr'>et</span> 
     </span>
     <span class='ocr_line' id='line_1_4' title="bbox 232 742 1330 844; baseline -0.003 -27"><span class='ocrx_word' id='word_1_23' title='bbox 232 770 358 844; x_wconf 88' lang='lat' dir='ltr'>sponsa</span> <span class='ocrx_word' id='word_1_24' title='bbox 389 742 554 817; x_wconf 84' lang='lat' dir='ltr'>mediante</span> <span class='ocrx_word' id='word_1_25' title='bbox 588 760 703 817; x_wconf 92' lang='lat' dir='ltr'>mutuo</span> <span class='ocrx_word' id='word_1_26' title='bbox 734 769 901 817; x_wconf 87' lang='lat' dir='ltr'>consensu</span> <span class='ocrx_word' id='word_1_27' title='bbox 933 744 1018 817; x_wconf 90' lang='lat' dir='ltr'>inter</span> <span class='ocrx_word' id='word_1_28' title='bbox 1052 769 1089 816; x_wconf 88' lang='lat' dir='ltr'>so</span> <span class='ocrx_word' id='word_1_29' title='bbox 1122 743 1330 842; x_wconf 82' lang='lat' dir='ltr'>copulantur.</span> 
     </span>
     <span class='ocr_line' id='line_1_5' title="bbox 232 846 1336 955; baseline -0.001 -25"><span class='ocrx_word' id='word_1_30' title='bbox 232 860 348 933; x_wconf 86' lang='lat' dir='ltr'>Totum</span> <span class='ocrx_word' id='word_1_31' title='bbox 373 859 461 933; x_wconf 89' lang='lat' dir='ltr'>enim</span> <span class='ocrx_word' id='word_1_32' title='bbox 479 858 625 932; x_wconf 86' lang='lat' dir='ltr'>olficium</span> <span class='ocrx_word' id='word_1_33' title='bbox 644 846 824 932; x_wconf 88' lang='lat' dir='ltr'>sacerdotis</span> <span class='ocrx_word' id='word_1_34' title='bbox 842 885 921 955; x_wconf 77' lang='lat' dir='ltr'>erga</span> <span class='ocrx_word' id='word_1_35' title='bbox 939 858 1100 930; x_wconf 90' lang='lat' dir='ltr'>nubentes</span> <span class='ocrx_word' id='word_1_36' title='bbox 1119 858 1154 928; x_wconf 91' lang='lat' dir='ltr'>in</span> <span class='ocrx_word' id='word_1_37' title='bbox 1172 882 1213 929; x_wconf 93' lang='lat' dir='ltr'>eo</span> <span class='ocrx_word' id='word_1_38' title='bbox 1229 872 1336 930; x_wconf 88' lang='lat' dir='ltr'>estut</span> 
     </span>
     <span class='ocr_line' id='line_1_6' title="bbox 232 970 1332 1073; baseline -0.004 -27"><span class='ocrx_word' id='word_1_39' title='bbox 232 975 395 1073; x_wconf 87' lang='lat' dir='ltr'>precibus·</span> <span class='ocrx_word' id='word_1_40' title='bbox 413 1000 452 1047; x_wconf 89' lang='lat' dir='ltr'>ac</span> <span class='ocrx_word' id='word_1_41' title='bbox 477 973 702 1060; x_wconf 88' lang='lat' dir='ltr'>orationibus,</span> <span class='ocrx_word' id='word_1_42' title='bbox 732 972 842 1047; x_wconf 88' lang='lat' dir='ltr'>lausta</span> <span class='ocrx_word' id='word_1_43' title='bbox 873 971 985 1046; x_wconf 90' lang='lat' dir='ltr'>omnia</span> <span class='ocrx_word' id='word_1_44' title='bbox 1015 970 1083 1044; x_wconf 88' lang='lat' dir='ltr'>illis</span> <span class='ocrx_word' id='word_1_45' title='bbox 1113 970 1332 1068; x_wconf 85' lang='lat' dir='ltr'>adprecatur,</span> 
     </span>
     <span class='ocr_line' id='line_1_7' title="bbox 231 1085 1336 1184; baseline -0.002 -23"><span class='ocrx_word' id='word_1_46' title='bbox 231 1089 302 1163; x_wconf 86' lang='lat' dir='ltr'>siva</span> <span class='ocrx_word' id='word_1_47' title='bbox 328 1089 361 1162; x_wconf 91' lang='lat' dir='ltr'>in</span> <span class='ocrx_word' id='word_1_48' title='bbox 387 1088 620 1174; x_wconf 81' lang='lat' dir='ltr'>coronatione,</span> <span class='ocrx_word' id='word_1_49' title='bbox 649 1088 720 1161; x_wconf 87' lang='lat' dir='ltr'>sive</span> <span class='ocrx_word' id='word_1_50' title='bbox 746 1088 780 1159; x_wconf 93' lang='lat' dir='ltr'>in</span> <span class='ocrx_word' id='word_1_51' title='bbox 806 1087 1004 1160; x_wconf 92' lang='lat' dir='ltr'>annulorum</span> <span class='ocrx_word' id='word_1_52' title='bbox 1027 1085 1253 1184; x_wconf 83' lang='lat' dir='ltr'>porrectione;</span> <span class='ocrx_word' id='word_1_53' title='bbox 1274 1111 1336 1159; x_wconf 87' lang='lat' dir='ltr'>nec</span> 
     </span>
     <span class='ocr_line' id='line_1_8' title="bbox 230 1200 1335 1301; baseline -0.003 -26"><span class='ocrx_word' id='word_1_54' title='bbox 230 1201 368 1275; x_wconf 85' lang='lat' dir='ltr'>verbum</span> <span class='ocrx_word' id='word_1_55' title='bbox 395 1203 531 1301; x_wconf 91' lang='lat' dir='ltr'>quidem</span> <span class='ocrx_word' id='word_1_56' title='bbox 557 1217 629 1288; x_wconf 89' lang='lat' dir='ltr'>ast,</span> <span class='ocrx_word' id='word_1_57' title='bbox 650 1228 717 1301; x_wconf 90' lang='lat' dir='ltr'>quo</span> <span class='ocrx_word' id='word_1_58' title='bbox 735 1202 943 1299; x_wconf 80' lang='lat' dir='ltr'>significatur</span> <span class='ocrx_word' id='word_1_59' title='bbox 959 1200 1165 1274; x_wconf 81' lang='lat' dir='ltr'>sacerdotem</span> <span class='ocrx_word' id='word_1_60' title='bbox 1183 1225 1261 1274; x_wconf 84' lang='lat' dir='ltr'>esee</span> <span class='ocrx_word' id='word_1_61' title='bbox 1275 1202 1335 1298; x_wconf 92' lang='lat' dir='ltr'>qui</span> 
     </span>
     <span class='ocr_line' id='line_1_9' title="bbox 230 1315 1336 1415; baseline -0.005 -25"><span class='ocrx_word' id='word_1_62' title='bbox 230 1343 374 1415; x_wconf 90' lang='lat' dir='ltr'>sponsos</span> <span class='ocrx_word' id='word_1_63' title='bbox 388 1318 423 1388; x_wconf 88' lang='lat' dir='ltr'>in</span> <span class='ocrx_word' id='word_1_64' title='bbox 437 1317 683 1390; x_wconf 85' lang='lat' dir='ltr'>matrimonium</span> <span class='ocrx_word' id='word_1_65' title='bbox 698 1317 955 1413; x_wconf 82' lang='lat' dir='ltr'>coniungat‚aut</span> <span class='ocrx_word' id='word_1_66' title='bbox 964 1330 1208 1388; x_wconf 86' lang='lat' dir='ltr'>sacramentum</span> <span class='ocrx_word' id='word_1_67' title='bbox 1221 1315 1336 1413; x_wconf 90' lang='lat' dir='ltr'>ipsum</span> 
     </span>
     <span class='ocr_line' id='line_1_10' title="bbox 231 1429 1335 1531; baseline -0.003 -26"><span class='ocrx_word' id='word_1_68' title='bbox 231 1431 354 1506; x_wconf 88' lang='lat' dir='ltr'>efficiat</span> <span class='ocrx_word' id='word_1_69' title='bbox 377 1447 410 1503; x_wconf 90' lang='lat' dir='ltr'>et</span> <span class='ocrx_word' id='word_1_70' title='bbox 434 1432 591 1504; x_wconf 87' lang='lat' dir='ltr'>conserat.</span> <span class='ocrx_word' id='word_1_71' title='bbox 614 1431 719 1531; x_wconf 93' lang='lat' dir='ltr'>ldque</span> <span class='ocrx_word' id='word_1_72' title='bbox 737 1433 821 1505; x_wconf 86' lang='lat' dir='ltr'>adeo</span> <span class='ocrx_word' id='word_1_73' title='bbox 838 1457 953 1503; x_wconf 86' lang='lat' dir='ltr'>verum</span> <span class='ocrx_word' id='word_1_74' title='bbox 972 1446 1040 1518; x_wconf 88' lang='lat' dir='ltr'>est,</span> <span class='ocrx_word' id='word_1_75' title='bbox 1059 1446 1097 1503; x_wconf 89' lang='lat' dir='ltr'>ut</span> <span class='ocrx_word' id='word_1_76' title='bbox 1113 1429 1234 1503; x_wconf 83' lang='lat' dir='ltr'>exinde</span> <span class='ocrx_word' id='word_1_77' title='bbox 1251 1457 1335 1503; x_wconf 91' lang='lat' dir='ltr'>nou·</span> 
     </span>
     <span class='ocr_line' id='line_1_11' title="bbox 231 1544 1335 1645; baseline 0 -28"><span class='ocrx_word' id='word_1_78' title='bbox 231 1545 313 1644; x_wconf 91' lang='lat' dir='ltr'>nulli</span> <span class='ocrx_word' id='word_1_79' title='bbox 338 1545 500 1642; x_wconf 79' lang='lat' dir='ltr'>theologi,</span> <span class='ocrx_word' id='word_1_80' title='bbox 530 1572 589 1619; x_wconf 84' lang='lat' dir='ltr'>eeu</span> <span class='ocrx_word' id='word_1_81' title='bbox 607 1545 727 1618; x_wconf 90' lang='lat' dir='ltr'>melius</span> <span class='ocrx_word' id='word_1_82' title='bbox 744 1546 803 1645; x_wconf 92' lang='lat' dir='ltr'>qui</span> <span class='ocrx_word' id='word_1_83' title='bbox 821 1546 856 1616; x_wconf 92' lang='lat' dir='ltr'>in</span> <span class='ocrx_word' id='word_1_84' title='bbox 875 1545 981 1617; x_wconf 87' lang='lat' dir='ltr'>sacris</span> <span class='ocrx_word' id='word_1_85' title='bbox 999 1544 1218 1617; x_wconf 84' lang='lat' dir='ltr'>missionibus</span> <span class='ocrx_word' id='word_1_86' title='bbox 1245 1545 1335 1642; x_wconf 87' lang='lat' dir='ltr'>apud</span> 
     </span>
     <span class='ocr_line' id='line_1_12' title="bbox 231 1659 1338 1760; baseline 0.002 -30"><span class='ocrx_word' id='word_1_87' title='bbox 231 1661 323 1760; x_wconf 85' lang='lat' dir='ltr'>ipsos</span> <span class='ocrx_word' id='word_1_88' title='bbox 347 1659 581 1747; x_wconf 85' lang='lat' dir='ltr'>versabantur,</span> <span class='ocrx_word' id='word_1_89' title='bbox 613 1671 788 1759; x_wconf 89' lang='lat' dir='ltr'>perperam</span> <span class='ocrx_word' id='word_1_90' title='bbox 815 1659 1005 1758; x_wconf 84' lang='lat' dir='ltr'>putaverint</span> <span class='ocrx_word' id='word_1_91' title='bbox 1022 1685 1125 1757; x_wconf 90' lang='lat' dir='ltr'>penes</span> <span class='ocrx_word' id='word_1_92' title='bbox 1143 1684 1280 1756; x_wconf 83' lang='lat' dir='ltr'>graecos</span> <span class='ocrx_word' id='word_1_93' title='bbox 1304 1677 1338 1732; x_wconf 92' lang='lat' dir='ltr'>et</span> 
     </span>
     <span class='ocr_line' id='line_1_13' title="bbox 230 1772 1338 1873; baseline -0.001 -26"><span class='ocrx_word' id='word_1_94' title='bbox 230 1772 407 1847; x_wconf 84' lang='lat' dir='ltr'>orientales</span> <span class='ocrx_word' id='word_1_95' title='bbox 434 1799 499 1845; x_wconf 90' lang='lat' dir='ltr'>non</span> <span class='ocrx_word' id='word_1_96' title='bbox 525 1773 662 1870; x_wconf 85' lang='lat' dir='ltr'>agnosci</span> <span class='ocrx_word' id='word_1_97' title='bbox 688 1773 879 1870; x_wconf 84' lang='lat' dir='ltr'>coniugium</span> <span class='ocrx_word' id='word_1_98' title='bbox 904 1788 942 1845; x_wconf 93' lang='lat' dir='ltr'>ut</span> <span class='ocrx_word' id='word_1_99' title='bbox 966 1789 1235 1860; x_wconf 69' lang='lat' dir='ltr'>sacramentum</span> <span class='ocrx_word' id='word_1_100' title='bbox 1256 1774 1338 1873; x_wconf 86' lang='lat' dir='ltr'>quia</span> 
     </span>
     <span class='ocr_line' id='line_1_14' title="bbox 231 1887 1338 1987; baseline 0.004 -29"><span class='ocrx_word' id='word_1_101' title='bbox 231 1913 351 1987; x_wconf 87' lang='lat' dir='ltr'>nempe</span> <span class='ocrx_word' id='word_1_102' title='bbox 368 1888 403 1959; x_wconf 92' lang='lat' dir='ltr'>in</span> <span class='ocrx_word' id='word_1_103' title='bbox 421 1888 571 1986; x_wconf 85' lang='lat' dir='ltr'>ipsorum</span> <span class='ocrx_word' id='word_1_104' title='bbox 598 1887 755 1986; x_wconf 90' lang='lat' dir='ltr'>precibus</span> <span class='ocrx_word' id='word_1_105' title='bbox 773 1914 814 1961; x_wconf 91' lang='lat' dir='ltr'>ac</span> <span class='ocrx_word' id='word_1_106' title='bbox 831 1888 953 1960; x_wconf 84' lang='lat' dir='ltr'>ritibus</span> <span class='ocrx_word' id='word_1_107' title='bbox 970 1914 1040 1966; x_wconf 84' lang='lat' dir='ltr'>non¹</span> <span class='ocrx_word' id='word_1_108' title='bbox 1060 1888 1224 1961; x_wconf 86' lang='lat' dir='ltr'>invenerit</span> <span class='ocrx_word' id='word_1_109' title='bbox 1247 1889 1338 1987; x_wconf 88' lang='lat' dir='ltr'>quod</span> 
     </span>
     <span class='ocr_line' id='line_1_15' title="bbox 231 2001 1338 2100; baseline 0.004 -28"><span class='ocrx_word' id='word_1_110' title='bbox 231 2002 458 2073; x_wconf 90' lang='lat' dir='ltr'>necessarium</span> <span class='ocrx_word' id='word_1_111' title='bbox 475 2017 527 2075; x_wconf 92' lang='lat' dir='ltr'>est</span> <span class='ocrx_word' id='word_1_112' title='bbox 543 2002 586 2075; x_wconf 87' lang='lat' dir='ltr'>ad</span> <span class='ocrx_word' id='word_1_113' title='bbox 600 2019 865 2088; x_wconf 86' lang='lat' dir='ltr'>sacramentum,</span> <span class='ocrx_word' id='word_1_114' title='bbox 883 2015 1049 2100; x_wconf 89' lang='lat' dir='ltr'>quatenus</span> <span class='ocrx_word' id='word_1_115' title='bbox 1064 2001 1192 2075; x_wconf 90' lang='lat' dir='ltr'>scilicet</span> <span class='ocrx_word' id='word_1_116' title='bbox 1204 2002 1338 2076; x_wconf 77' lang='lat' dir='ltr'>diversa</span> 
     </span>
     <span class='ocr_line' id='line_1_16' title="bbox 231 2115 1340 2215; baseline 0.001 -26"><span class='ocrx_word' id='word_1_117' title='bbox 231 2115 417 2189; x_wconf 78' lang='lat' dir='ltr'>ratione&#39;ab</span> <span class='ocrx_word' id='word_1_118' title='bbox 434 2142 492 2203; x_wconf 93' lang='lat' dir='ltr'>ea,</span> <span class='ocrx_word' id='word_1_119' title='bbox 513 2141 601 2215; x_wconf 88' lang='lat' dir='ltr'>quae</span> <span class='ocrx_word' id='word_1_120' title='bbox 617 2116 745 2190; x_wconf 90' lang='lat' dir='ltr'>obtinet</span> <span class='ocrx_word' id='word_1_121' title='bbox 758 2117 793 2188; x_wconf 92' lang='lat' dir='ltr'>in</span> <span class='ocrx_word' id='word_1_122' title='bbox 807 2117 951 2191; x_wconf 86' lang='lat' dir='ltr'>ecclesia</span> <span class='ocrx_word' id='word_1_123' title='bbox 964 2115 1084 2204; x_wconf 91' lang='lat' dir='ltr'>latina,</span> <span class='ocrx_word' id='word_1_124' title='bbox 1104 2118 1340 2215; x_wconf 83' lang='lat' dir='ltr'>conspexerint</span> 
     </span>
     <span class='ocr_line' id='line_1_17' title="bbox 229 2228 1340 2332; baseline 0.003 -28"><span class='ocrx_word' id='word_1_125' title='bbox 229 2228 390 2304; x_wconf 88' lang='lat' dir='ltr'>celebrari</span> <span class='ocrx_word' id='word_1_126' title='bbox 416 2231 625 2328; x_wconf 79' lang='lat' dir='ltr'>coniugium,</span> <span class='ocrx_word' id='word_1_127' title='bbox 654 2257 739 2331; x_wconf 85' lang='lat' dir='ltr'>quos</span> <span class='ocrx_word' id='word_1_128' title='bbox 763 2232 900 2331; x_wconf 89' lang='lat' dir='ltr'>quidem</span> <span class='ocrx_word' id='word_1_129' title='bbox 926 2231 998 2303; x_wconf 90' lang='lat' dir='ltr'>iure</span> <span class='ocrx_word' id='word_1_130' title='bbox 1023 2233 1132 2328; x_wconf 81' lang='lat' dir='ltr'>arguit</span> <span class='ocrx_word' id='word_1_131' title='bbox 1157 2232 1340 2332; x_wconf 78' lang='lat' dir='ltr'>improbat-</span> 
     </span>
     <span class='ocr_line' id='line_1_18' title="bbox 231 2345 661 2444; baseline 0.002 -27"><span class='ocrx_word' id='word_1_132' title='bbox 231 2371 296 2444; x_wconf 93' lang='lat' dir='ltr'>que</span> <span class='ocrx_word' id='word_1_133' title='bbox 322 2345 551 2418; x_wconf 80' lang='lat' dir='ltr'>lienaudotius</span> <span class='ocrx_word' id='word_1_134' title='bbox 573 2348 661 2442; x_wconf 75' lang='lat'>(22).</span> 
     </span>
    </p>

    <p class='ocr_par' dir='ltr' id='par_1_3' title="bbox 302 2458 1341 2560">
     <span class='ocr_line' id='line_1_19' title="bbox 302 2458 1341 2560; baseline 0.002 -29"><span class='ocrx_word' id='word_1_135' title='bbox 302 2458 454 2532; x_wconf 85' lang='lat' dir='ltr'>Ceterum</span> <span class='ocrx_word' id='word_1_136' title='bbox 471 2485 547 2532; x_wconf 89' lang='lat' dir='ltr'>oum</span> <span class='ocrx_word' id='word_1_137' title='bbox 564 2461 732 2534; x_wconf 87' lang='lat' dir='ltr'>secundae</span> <span class='ocrx_word' id='word_1_138' title='bbox 750 2462 910 2560; x_wconf 88' lang='lat' dir='ltr'>nuptiae,</span> <span class='ocrx_word' id='word_1_139' title='bbox 931 2461 1035 2535; x_wconf 91' lang='lat' dir='ltr'>multo</span> <span class='ocrx_word' id='word_1_140' title='bbox 1052 2487 1133 2535; x_wconf 84' lang='lat' dir='ltr'>rem</span> <span class='ocrx_word' id='word_1_141' title='bbox 1150 2462 1260 2559; x_wconf 82' lang='lat' dir='ltr'>magis</span> <span class='ocrx_word' id='word_1_142' title='bbox 1277 2478 1341 2537; x_wconf 89' lang='lat' dir='ltr'>tor-</span> 
     </span>
    </p>
   </div>
   <div class='ocr_carea' id='block_1_3' title="bbox 228 2572 1341 3263">
    <p class='ocr_par' dir='ltr' id='par_1_4' title="bbox 228 2572 1341 3263">
     <span class='ocr_line' id='line_1_20' title="bbox 230 2572 1336 2676; baseline 0.003 -31"><span class='ocrx_word' id='word_1_143' title='bbox 230 2572 295 2645; x_wconf 90' lang='lat' dir='ltr'>tiaa</span> <span class='ocrx_word' id='word_1_144' title='bbox 313 2598 374 2646; x_wconf 91' lang='lat' dir='ltr'>nec</span> <span class='ocrx_word' id='word_1_145' title='bbox 390 2590 642 2669; x_wconf 79' lang='lat' dir='ltr'>coronarentur,</span> <span class='ocrx_word' id='word_1_146' title='bbox 664 2601 725 2648; x_wconf 86' lang='lat' dir='ltr'>neo</span> <span class='ocrx_word' id='word_1_147' title='bbox 742 2576 1037 2676; x_wconf 87' lang='lat' dir='ltr'>benedicerentur,</span> <span class='ocrx_word' id='word_1_148' title='bbox 1060 2578 1162 2657; x_wconf 91' lang='lat' dir='ltr'>immo</span> <span class='ocrx_word' id='word_1_149' title='bbox 1186 2603 1263 2651; x_wconf 89' lang='lat' dir='ltr'>cum</span> <span class='ocrx_word' id='word_1_150' title='bbox 1289 2578 1336 2663; x_wconf 89' lang='lat' dir='ltr'>ii,</span> 
     </span>
     <span class='ocr_line' id='line_1_21' title="bbox 229 2687 1341 2791; baseline 0.007 -34"><span class='ocrx_word' id='word_1_151' title='bbox 229 2687 287 2785; x_wconf 91' lang='lat' dir='ltr'>qui</span> <span class='ocrx_word' id='word_1_152' title='bbox 302 2688 466 2774; x_wconf 90' lang='lat' dir='ltr'>secundo,</span> <span class='ocrx_word' id='word_1_153' title='bbox 482 2703 540 2760; x_wconf 87' lang='lat' dir='ltr'>aut</span> <span class='ocrx_word' id='word_1_154' title='bbox 553 2690 649 2763; x_wconf 86' lang='lat' dir='ltr'>tertio</span> <span class='ocrx_word' id='word_1_155' title='bbox 663 2691 879 2788; x_wconf 89' lang='lat' dir='ltr'>nupsissent,</span> <span class='ocrx_word' id='word_1_156' title='bbox 896 2692 1119 2791; x_wconf 87' lang='lat' dir='ltr'>poenitentiae</span> <span class='ocrx_word' id='word_1_157' title='bbox 1132 2692 1341 2767; x_wconf 85' lang='lat' dir='ltr'>subiiceren-</span> 
     </span>
     <span class='ocr_line' id='line_1_22' title="bbox 230 2803 1340 2906; baseline 0.006 -33"><span class='ocrx_word' id='word_1_158' title='bbox 230 2818 298 2888; x_wconf 91' lang='lat' dir='ltr'>tur,</span> <span class='ocrx_word' id='word_1_159' title='bbox 328 2818 417 2900; x_wconf 87' lang='lat' dir='ltr'>patet</span> <span class='ocrx_word' id='word_1_160' title='bbox 441 2803 530 2903; x_wconf 89' lang='lat' dir='ltr'>apud</span> <span class='ocrx_word' id='word_1_161' title='bbox 548 2804 746 2892; x_wconf 89' lang='lat' dir='ltr'>orientales,</span> <span class='ocrx_word' id='word_1_162' title='bbox 768 2807 826 2906; x_wconf 93' lang='lat' dir='ltr'>qui</span> <span class='ocrx_word' id='word_1_163' title='bbox 845 2823 955 2881; x_wconf 88' lang='lat' dir='ltr'>tamen</span> <span class='ocrx_word' id='word_1_164' title='bbox 972 2823 1009 2880; x_wconf 92' lang='lat' dir='ltr'>ut</span> <span class='ocrx_word' id='word_1_165' title='bbox 1027 2822 1269 2880; x_wconf 85' lang='lat' dir='ltr'>sacramentum</span> <span class='ocrx_word' id='word_1_166' title='bbox 1287 2833 1340 2880; x_wconf 89' lang='lat' dir='ltr'>re-</span> 
     </span>
     <span class='ocr_line' id='line_1_23' title="bbox 228 2917 1341 3017; baseline 0.005 -29"><span class='ocrx_word' id='word_1_167' title='bbox 228 2917 396 3017; x_wconf 88' lang='lat' dir='ltr'>cipiebant</span> <span class='ocrx_word' id='word_1_168' title='bbox 421 2918 485 2992; x_wconf 86' lang='lat' dir='ltr'>boo</span> <span class='ocrx_word' id='word_1_169' title='bbox 509 2920 693 2993; x_wconf 90' lang='lat' dir='ltr'>secundum</span> <span class='ocrx_word' id='word_1_170' title='bbox 719 2922 892 2995; x_wconf 84' lang='lat' dir='ltr'>tertiumve</span> <span class='ocrx_word' id='word_1_171' title='bbox 909 2923 1341 3008; x_wconf 87' lang='lat' dir='ltr'>matrimonium,minime</span> 
     </span>
     <span class='ocr_line' id='line_1_24' title="bbox 228 3034 1339 3133; baseline 0.003 -26"><span class='ocrx_word' id='word_1_172' title='bbox 228 3050 410 3133; x_wconf 87' lang='lat' dir='ltr'>spectatam</span> <span class='ocrx_word' id='word_1_173' title='bbox 428 3034 534 3109; x_wconf 82' lang='lat' dir='ltr'>fuisse</span> <span class='ocrx_word' id='word_1_174' title='bbox 549 3055 587 3108; x_wconf 89' lang='lat' dir='ltr'>ut</span> <span class='ocrx_word' id='word_1_175' title='bbox 604 3038 816 3111; x_wconf 89' lang='lat' dir='ltr'>essentialem</span> <span class='ocrx_word' id='word_1_176' title='bbox 835 3039 908 3111; x_wconf 87' lang='lat' dir='ltr'>sire</span> <span class='ocrx_word' id='word_1_177' title='bbox 926 3039 1177 3112; x_wconf 88' lang='lat' dir='ltr'>coronationem</span> <span class='ocrx_word' id='word_1_178' title='bbox 1196 3038 1269 3112; x_wconf 84' lang='lat' dir='ltr'>aive</span> <span class='ocrx_word' id='word_1_179' title='bbox 1280 3037 1339 3110; x_wconf 86' lang='lat' dir='ltr'>be·</span> 
     </span>
     <span class='ocr_line' id='line_1_25' title="bbox 229 3149 1340 3263; baseline 0.004 -43"><span class='ocrx_word' id='word_1_180' title='bbox 229 3149 449 3223; x_wconf 91' lang='lat' dir='ltr'>nedictionem</span> <span class='ocrx_word' id='word_1_181' title='bbox 481 3152 523 3225; x_wconf 93' lang='lat' dir='ltr'>ad</span> <span class='ocrx_word' id='word_1_182' title='bbox 554 3168 801 3226; x_wconf 89' lang='lat' dir='ltr'>sacramentum</span> <span class='ocrx_word' id='word_1_183' title='bbox 835 3152 1116 3263; x_wconf 76' lang='lat' dir='ltr'>constituendum¹</span> <span class='ocrx_word' id='word_1_184' title='bbox 1131 3155 1219 3249; x_wconf 79' lang='lat'><strong>(23).</strong></span> <span class='ocrx_word' id='word_1_185' title='bbox 1240 3153 1340 3239; x_wconf 83' lang='lat' dir='ltr'>Quod</span> 
     </span>
    </p>
   </div>
   <div class='ocr_carea' id='block_1_4' title="bbox 227 3346 1340 4388">
    <p class='ocr_par' dir='ltr' id='par_1_5' title="bbox 227 3346 1340 3751">
     <span class='ocr_line' id='line_1_26' title="bbox 230 3346 1339 3433; baseline 0.005 -21"><span class='ocrx_word' id='word_1_186' title='bbox 230 3364 311 3413; x_wconf 81' lang='lat' dir='ltr'>autern</span> <span class='ocrx_word' id='word_1_187' title='bbox 320 3346 344 3412; x_wconf 92' lang='lat' dir='ltr'>el</span> <span class='ocrx_word' id='word_1_188' title='bbox 354 3367 537 3418; x_wconf 87' lang='lat' dir='ltr'>consummatur</span> <span class='ocrx_word' id='word_1_189' title='bbox 545 3380 588 3431; x_wconf 83' lang='lat' dir='ltr'>per</span> <span class='ocrx_word' id='word_1_190' title='bbox 596 3369 789 3420; x_wconf 84' lang='lat' dir='ltr'>benedictionem</span> <span class='ocrx_word' id='word_1_191' title='bbox 798 3370 939 3433; x_wconf 81' lang='lat' dir='ltr'>sucerdotis,</span> <span class='ocrx_word' id='word_1_192' title='bbox 948 3369 1092 3432; x_wconf 80' lang='lat' dir='ltr'>etcopuiam</span> <span class='ocrx_word' id='word_1_193' title='bbox 1099 3368 1339 3418; x_wconf 68' lang='lat' dir='ltr'>umalamautatis</span> 
     </span>
     <span class='ocr_line' id='line_1_27' title="bbox 228 3441 1339 3507; baseline 0.005 -15"><span class='ocrx_word' id='word_1_194' title='bbox 228 3441 374 3494; x_wconf 83' lang='lat' dir='ltr'>documenta</span> <span class='ocrx_word' id='word_1_195' title='bbox 391 3445 516 3495; x_wconf 88' lang='lat' dir='ltr'>omittam:</span> <span class='ocrx_word' id='word_1_196' title='bbox 532 3448 570 3497; x_wconf 86' lang='lat' dir='ltr'>ct.</span> <span class='ocrx_word' id='word_1_197' title='bbox 587 3449 660 3499; x_wconf 88' lang='lat' dir='ltr'>etiarn</span> <span class='ocrx_word' id='word_1_198' title='bbox 671 3453 705 3500; x_wconf 84' lang='lat' dir='ltr'>Le</span> <span class='ocrx_word' id='word_1_199' title='bbox 717 3450 795 3507; x_wconf 82' lang='lat' dir='ltr'>Quian</span> <span class='ocrx_word' id='word_1_200' title='bbox 806 3450 832 3499; x_wconf 89' lang='lat' dir='ltr'>in</span> <span class='ocrx_word' id='word_1_201' title='bbox 844 3451 895 3500; x_wconf 91' lang='lat' dir='ltr'>uot.</span> <span class='ocrx_word' id='word_1_202' title='bbox 905 3453 928 3499; x_wconf 79' lang='lat' dir='ltr'>t.</span> <span class='ocrx_word' id='word_1_203' title='bbox 941 3449 967 3498; x_wconf 90' lang='lat' dir='ltr'>in</span> <span class='ocrx_word' id='word_1_204' title='bbox 983 3449 1025 3499; x_wconf 88' lang='lat' dir='ltr'>lib.</span> <span class='ocrx_word' id='word_1_205' title='bbox 1034 3451 1074 3498; x_wconf 85' lang='lat' dir='ltr'>lv.</span> <span class='ocrx_word' id='word_1_206' title='bbox 1085 3461 1106 3498; x_wconf 90' lang='lat' dir='ltr'>s.</span> <span class='ocrx_word' id='word_1_207' title='bbox 1115 3451 1182 3499; x_wconf 83' lang='lat' dir='ltr'>ioan.</span> <span class='ocrx_word' id='word_1_208' title='bbox 1194 3449 1339 3499; x_wconf 86' lang='lat' dir='ltr'>Damascoui</span> 
     </span>
     <span class='ocr_line' id='line_1_28' title="bbox 227 3523 1340 3592; baseline 0.005 -20"><span class='ocrx_word' id='word_1_209' title='bbox 227 3534 253 3585; x_wconf 80' lang='lat' dir='ltr'>p.</span> <span class='ocrx_word' id='word_1_210' title='bbox 266 3527 321 3573; x_wconf 82' lang='lat'><strong>297.</strong></span> <span class='ocrx_word' id='word_1_211' title='bbox 335 3523 376 3574; x_wconf 89' lang='lat' dir='ltr'>ubi</span> <span class='ocrx_word' id='word_1_212' title='bbox 390 3523 463 3574; x_wconf 86' lang='lat' dir='ltr'>altert</span> <span class='ocrx_word' id='word_1_213' title='bbox 480 3527 589 3576; x_wconf 83' lang='lat' dir='ltr'>novellas</span> <span class='ocrx_word' id='word_1_214' title='bbox 605 3529 692 3578; x_wconf 87' lang='lat' dir='ltr'>Leonis</span> <span class='ocrx_word' id='word_1_215' title='bbox 706 3529 828 3592; x_wconf 82' lang='lat' dir='ltr'>sapientis</span> <span class='ocrx_word' id='word_1_216' title='bbox 838 3528 950 3579; x_wconf 74' lang='lat' dir='ltr'>etnieni</span> <span class='ocrx_word' id='word_1_217' title='bbox 961 3528 1094 3590; x_wconf 78' lang='lat' dir='ltr'>comneni,</span> <span class='ocrx_word' id='word_1_218' title='bbox 1114 3527 1206 3590; x_wconf 83' lang='lat' dir='ltr'>quibus</span> <span class='ocrx_word' id='word_1_219' title='bbox 1220 3527 1340 3578; x_wconf 77' lang='lat' dir='ltr'>statuitur</span> 
     </span>
     <span class='ocr_line' id='line_1_29' title="bbox 229 3599 1338 3672; baseline 0.003 -20"><span class='ocrx_word' id='word_1_220' title='bbox 229 3603 384 3666; x_wconf 78' lang='lat' dir='ltr'>«sponsalia</span> <span class='ocrx_word' id='word_1_221' title='bbox 394 3617 444 3654; x_wconf 88' lang='lat' dir='ltr'>non</span> <span class='ocrx_word' id='word_1_222' title='bbox 457 3604 528 3655; x_wconf 86' lang='lat' dir='ltr'>aliter</span> <span class='ocrx_word' id='word_1_223' title='bbox 543 3619 620 3669; x_wconf 86' lang='lat' dir='ltr'>quam</span> <span class='ocrx_word' id='word_1_224' title='bbox 638 3599 823 3672; x_wconf 65' lang='grc' dir='ltr'>ἱεροπελεστίᾳ</span> <span class='ocrx_word' id='word_1_225' title='bbox 834 3621 905 3658; x_wconf 88' lang='lat' dir='ltr'>sacro</span> <span class='ocrx_word' id='word_1_226' title='bbox 919 3608 1065 3658; x_wconf 82' lang='lat' dir='ltr'>initiationis</span> <span class='ocrx_word' id='word_1_227' title='bbox 1078 3607 1127 3658; x_wconf 89' lang='lat' dir='ltr'>ritu</span> <span class='ocrx_word' id='word_1_228' title='bbox 1142 3600 1338 3657; x_wconf 80' lang='lat' dir='ltr'>firmitatemba·</span> 
     </span>
     <span class='ocr_line' id='line_1_30' title="bbox 229 3682 1226 3751; baseline 0.005 -18"><span class='ocrx_word' id='word_1_229' title='bbox 229 3682 296 3744; x_wconf 87' lang='lat' dir='ltr'>bere,</span> <span class='ocrx_word' id='word_1_230' title='bbox 311 3685 337 3734; x_wconf 92' lang='lat' dir='ltr'>et</span> <span class='ocrx_word' id='word_1_231' title='bbox 346 3697 409 3747; x_wconf 86' lang='lat' dir='ltr'>qnae</span> <span class='ocrx_word' id='word_1_232' title='bbox 421 3698 471 3735; x_wconf 89' lang='lat' dir='ltr'>non</span> <span class='ocrx_word' id='word_1_233' title='bbox 484 3686 521 3736; x_wconf 88' lang='lat' dir='ltr'>sic</span> <span class='ocrx_word' id='word_1_234' title='bbox 531 3687 705 3751; x_wconf 84' lang='lat' dir='ltr'>processerint,</span> <span class='ocrx_word' id='word_1_235' title='bbox 720 3688 791 3738; x_wconf 83' lang='lat' dir='ltr'>irrita</span> <span class='ocrx_word' id='word_1_236' title='bbox 802 3690 827 3738; x_wconf 91' lang='lat' dir='ltr'>et</span> <span class='ocrx_word' id='word_1_237' title='bbox 836 3690 962 3751; x_wconf 79' lang='lat' dir='ltr'>mmqoam</span> <span class='ocrx_word' id='word_1_238' title='bbox 973 3701 1022 3738; x_wconf 88' lang='lat' dir='ltr'>rou</span> <span class='ocrx_word' id='word_1_239' title='bbox 1033 3687 1098 3738; x_wconf 85' lang='lat' dir='ltr'>tacta</span> <span class='ocrx_word' id='word_1_240' title='bbox 1109 3686 1226 3738; x_wconf 66' lang='lat' dir='ltr'>comana</span> 
     </span>
    </p>

    <p class='ocr_par' dir='ltr' id='par_1_6' title="bbox 301 3761 725 3829">
     <span class='ocr_line' id='line_1_31' title="bbox 301 3761 725 3829; baseline 0.012 -17"><span class='ocrx_word' id='word_1_241' title='bbox 301 3761 351 3824; x_wconf 64' lang='grc' dir='ltr'>(Μ)</span> <span class='ocrx_word' id='word_1_242' title='bbox 367 3765 426 3815; x_wconf 86' lang='lat' dir='ltr'>Loc.</span> <span class='ocrx_word' id='word_1_243' title='bbox 437 3763 480 3814; x_wconf 88' lang='lat' dir='ltr'>cit.</span> <span class='ocrx_word' id='word_1_244' title='bbox 490 3765 562 3826; x_wconf 86' lang='lat' dir='ltr'>chap.</span> <span class='ocrx_word' id='word_1_245' title='bbox 573 3768 592 3814; x_wconf 93' lang='lat'>1.</span> <span class='ocrx_word' id='word_1_246' title='bbox 604 3779 659 3829; x_wconf 83' lang='lat' dir='ltr'>pag.</span> <span class='ocrx_word' id='word_1_247' title='bbox 670 3770 725 3817; x_wconf 81' lang='lat' dir='ltr'>tot.</span> 
     </span>
    </p>

    <p class='ocr_par' dir='ltr' id='par_1_7' title="bbox 227 3839 1338 4388">
     <span class='ocr_line' id='line_1_32' title="bbox 299 3839 1338 3907; baseline 0.003 -16"><span class='ocrx_word' id='word_1_248' title='bbox 299 3839 350 3904; x_wconf 77' lang='lat' dir='ltr'>(tt)</span> <span class='ocrx_word' id='word_1_249' title='bbox 366 3841 437 3898; x_wconf 84' lang='lat' dir='ltr'>Quod</span> <span class='ocrx_word' id='word_1_250' title='bbox 448 3842 547 3894; x_wconf 89' lang='lat' dir='ltr'>demum</span> <span class='ocrx_word' id='word_1_251' title='bbox 559 3843 629 3896; x_wconf 85' lang='lat' dir='ltr'>lateri</span> <span class='ocrx_word' id='word_1_252' title='bbox 642 3843 726 3895; x_wconf 85' lang='lat' dir='ltr'>debuit</span> <span class='ocrx_word' id='word_1_253' title='bbox 735 3844 916 3906; x_wconf 80' lang='lat' dir='ltr'>Reuaudotius,</span> <span class='ocrx_word' id='word_1_254' title='bbox 927 3844 1022 3895; x_wconf 61' lang='lat' dir='ltr'>mansi</span> <span class='ocrx_word' id='word_1_255' title='bbox 1032 3844 1085 3906; x_wconf 84' lang='lat' dir='ltr'>ipse</span> <span class='ocrx_word' id='word_1_256' title='bbox 1097 3845 1179 3895; x_wconf 85' lang='lat' dir='ltr'>teneat</span> <span class='ocrx_word' id='word_1_257' title='bbox 1187 3855 1263 3907; x_wconf 81' lang='lat' dir='ltr'>perses</span> <span class='ocrx_word' id='word_1_258' title='bbox 1271 3855 1338 3906; x_wconf 81' lang='lat' dir='ltr'>gree·</span> 
     </span>
     <span class='ocr_line' id='line_1_33' title="bbox 228 3921 1338 3986; baseline 0.004 -18"><span class='ocrx_word' id='word_1_259' title='bbox 228 3931 271 3969; x_wconf 88' lang='lat' dir='ltr'>cos</span> <span class='ocrx_word' id='word_1_260' title='bbox 281 3921 317 3970; x_wconf 85' lang='lat' dir='ltr'>uti</span> <span class='ocrx_word' id='word_1_261' title='bbox 330 3922 482 3972; x_wconf 84' lang='lat' dir='ltr'>essentialem</span> <span class='ocrx_word' id='word_1_262' title='bbox 494 3921 604 3972; x_wconf 87' lang='lat' dir='ltr'>habitam</span> <span class='ocrx_word' id='word_1_263' title='bbox 616 3923 690 3973; x_wconf 85' lang='lat' dir='ltr'>tuisse</span> <span class='ocrx_word' id='word_1_264' title='bbox 701 3923 822 3973; x_wconf 86' lang='lat' dir='ltr'>eiusmodi</span> <span class='ocrx_word' id='word_1_265' title='bbox 839 3923 973 3975; x_wconf 82' lang='lat' dir='ltr'>sacerdotis</span> <span class='ocrx_word' id='word_1_266' title='bbox 992 3924 1192 3975; x_wconf 80' lang='lat' dir='ltr'>benedictionem.</span> <span class='ocrx_word' id='word_1_267' title='bbox 1211 3921 1338 3986; x_wconf 78' lang='lat' dir='ltr'>Siquidem</span> 
     </span>
     <span class='ocr_line' id='line_1_34' title="bbox 229 3999 1338 4057; baseline 0.005 -10"><span class='ocrx_word' id='word_1_268' title='bbox 229 4011 277 4048; x_wconf 86' lang='lat' dir='ltr'>uon</span> <span class='ocrx_word' id='word_1_269' title='bbox 288 3999 408 4057; x_wconf 80' lang='lat' dir='ltr'>retentae</span> <span class='ocrx_word' id='word_1_270' title='bbox 417 4000 449 4050; x_wconf 86' lang='lat' dir='ltr'>ab</span> <span class='ocrx_word' id='word_1_271' title='bbox 459 4002 505 4051; x_wconf 86' lang='lat' dir='ltr'>hec</span> <span class='ocrx_word' id='word_1_272' title='bbox 515 4000 659 4052; x_wconf 72' lang='lat' dir='ltr'>mffiouitatc</span> <span class='ocrx_word' id='word_1_273' title='bbox 677 4002 797 4052; x_wconf 80' lang='lat' dir='ltr'>extricare</span> <span class='ocrx_word' id='word_1_274' title='bbox 815 4005 870 4053; x_wconf 88' lang='lat' dir='ltr'>orta</span> <span class='ocrx_word' id='word_1_275' title='bbox 880 4017 909 4053; x_wconf 86' lang='lat' dir='ltr'>ex</span> <span class='ocrx_word' id='word_1_276' title='bbox 921 4002 1053 4055; x_wconf 88' lang='lat' dir='ltr'>omissione</span> <span class='ocrx_word' id='word_1_277' title='bbox 1069 4001 1245 4054; x_wconf 79' lang='lat' dir='ltr'>benedictionis</span> <span class='ocrx_word' id='word_1_278' title='bbox 1261 4002 1288 4051; x_wconf 88' lang='lat' dir='ltr'>iu</span> <span class='ocrx_word' id='word_1_279' title='bbox 1301 4013 1338 4052; x_wconf 91' lang='lat' dir='ltr'>se·</span> 
     </span>
     <span class='ocr_line' id='line_1_35' title="bbox 227 4078 1338 4145; baseline 0.003 -18"><span class='ocrx_word' id='word_1_280' title='bbox 227 4078 314 4129; x_wconf 85' lang='lat' dir='ltr'>enodis</span> <span class='ocrx_word' id='word_1_281' title='bbox 328 4081 437 4144; x_wconf 83' lang='lat' dir='ltr'>nuptiis,</span> <span class='ocrx_word' id='word_1_282' title='bbox 455 4080 585 4143; x_wconf 77' lang='lat' dir='ltr'>corrugare</span> <span class='ocrx_word' id='word_1_283' title='bbox 604 4084 704 4132; x_wconf 87' lang='lat' dir='ltr'>coactus</span> <span class='ocrx_word' id='word_1_284' title='bbox 714 4084 760 4144; x_wconf 85' lang='lat' dir='ltr'>cst,</span> <span class='ocrx_word' id='word_1_285' title='bbox 770 4083 798 4131; x_wconf 89' lang='lat' dir='ltr'>ut</span> <span class='ocrx_word' id='word_1_286' title='bbox 811 4095 865 4132; x_wconf 87' lang='lat' dir='ltr'>eam</span> <span class='ocrx_word' id='word_1_287' title='bbox 883 4082 997 4145; x_wconf 84' lang='lat' dir='ltr'>solveret,</span> <span class='ocrx_word' id='word_1_288' title='bbox 1005 4081 1038 4132; x_wconf 79' lang='lat' dir='ltr'>ed</span> <span class='ocrx_word' id='word_1_289' title='bbox 1048 4082 1191 4132; x_wconf 80' lang='lat' dir='ltr'>mutantium</span> <span class='ocrx_word' id='word_1_290' title='bbox 1201 4081 1233 4131; x_wconf 86' lang='lat' dir='ltr'>‹ie</span> <span class='ocrx_word' id='word_1_291' title='bbox 1241 4082 1338 4130; x_wconf 83' lang='lat' dir='ltr'>contra·</span> 
     </span>
     <span class='ocr_line' id='line_1_36' title="bbox 229 4158 1338 4225; baseline 0.003 -17"><span class='ocrx_word' id='word_1_292' title='bbox 229 4158 343 4210; x_wconf 78' lang='lat' dir='ltr'>bentibus</span> <span class='ocrx_word' id='word_1_293' title='bbox 353 4160 478 4210; x_wconf 86' lang='lat' dir='ltr'>ministris.</span> <span class='ocrx_word' id='word_1_294' title='bbox 490 4160 530 4210; x_wconf 87' lang='lat' dir='ltr'>Sic</span> <span class='ocrx_word' id='word_1_295' title='bbox 542 4161 607 4210; x_wconf 89' lang='lat' dir='ltr'>enim</span> <span class='ocrx_word' id='word_1_296' title='bbox 616 4160 701 4211; x_wconf 87' lang='lat' dir='ltr'>scribit</span> <span class='ocrx_word' id='word_1_297' title='bbox 710 4165 802 4225; x_wconf 73' lang='lat' dir='ltr'>capv.</span> <span class='ocrx_word' id='word_1_298' title='bbox 812 4163 978 4225; x_wconf 61' lang='lat' dir='ltr'>pentecost</span> <span class='ocrx_word' id='word_1_299' title='bbox 987 4175 1019 4213; x_wconf 90' lang='lat' dir='ltr'>ou</span> <span class='ocrx_word' id='word_1_300' title='bbox 1029 4163 1101 4224; x_wconf 84' lang='lat' dir='ltr'>croit,</span> <span class='ocrx_word' id='word_1_301' title='bbox 1110 4174 1207 4213; x_wconf 85' lang='lat' dir='ltr'>comme</span> <span class='ocrx_word' id='word_1_302' title='bbox 1215 4160 1338 4224; x_wconf 80' lang='lat' dir='ltr'>plusieurs</span> 
     </span>
     <span class='ocr_line' id='line_1_37' title="bbox 228 4237 1337 4304; baseline 0 -16"><span class='ocrx_word' id='word_1_303' title='bbox 228 4237 386 4301; x_wconf 76' lang='lat' dir='ltr'>theologicus,</span> <span class='ocrx_word' id='word_1_304' title='bbox 395 4252 443 4301; x_wconf 87' lang='lat' dir='ltr'>que</span> <span class='ocrx_word' id='word_1_305' title='bbox 453 4239 476 4288; x_wconf 89' lang='lat' dir='ltr'>ie</span> <span class='ocrx_word' id='word_1_306' title='bbox 485 4241 665 4290; x_wconf 85' lang='lat' dir='ltr'>consentemcnt</span> <span class='ocrx_word' id='word_1_307' title='bbox 673 4239 716 4290; x_wconf 80' lang='lat' dir='ltr'>des</span> <span class='ocrx_word' id='word_1_308' title='bbox 725 4241 863 4304; x_wconf 83' lang='lat' dir='ltr'>parties‚los</span> <span class='ocrx_word' id='word_1_309' title='bbox 870 4241 950 4304; x_wconf 79' lang='lat' dir='ltr'>signes</span> <span class='ocrx_word' id='word_1_310' title='bbox 959 4243 984 4291; x_wconf 88' lang='lat' dir='ltr'>et</span> <span class='ocrx_word' id='word_1_311' title='bbox 992 4240 1140 4304; x_wconf 79' lang='lat' dir='ltr'>lesperotes,</span> <span class='ocrx_word' id='word_1_312' title='bbox 1147 4241 1242 4291; x_wconf 85' lang='lat' dir='ltr'>sontce</span> <span class='ocrx_word' id='word_1_313' title='bbox 1250 4239 1337 4302; x_wconf 73' lang='lat' dir='ltr'>qrr&#39;iiy</span> 
     </span>
     <span class='ocr_line' id='line_1_38' title="bbox 229 4315 1338 4388; baseline 0.002 -22"><span class='ocrx_word' id='word_1_314' title='bbox 229 4329 244 4366; x_wconf 84' lang='lat' dir='ltr'>a</span> <span class='ocrx_word' id='word_1_315' title='bbox 253 4315 388 4368; x_wconf 87' lang='lat' dir='ltr'>d’easertiet</span> <span class='ocrx_word' id='word_1_316' title='bbox 401 4317 462 4369; x_wconf 82' lang='lat' dir='ltr'>dans</span> <span class='ocrx_word' id='word_1_317' title='bbox 472 4317 495 4368; x_wconf 88' lang='lat' dir='ltr'>le</span> <span class='ocrx_word' id='word_1_318' title='bbox 506 4320 653 4388; x_wconf 75' lang='lat' dir='ltr'>sacrement3</span> <span class='ocrx_word' id='word_1_319' title='bbox 664 4320 680 4370; x_wconf 89' lang='lat' dir='ltr'>ii</span> <span class='ocrx_word' id='word_1_320' title='bbox 691 4333 717 4370; x_wconf 86' lang='lat' dir='ltr'>aa</span> <span class='ocrx_word' id='word_1_321' title='bbox 725 4321 813 4371; x_wconf 85' lang='lat' dir='ltr'>trouve</span> <span class='ocrx_word' id='word_1_322' title='bbox 823 4320 885 4371; x_wconf 84' lang='lat' dir='ltr'>dans</span> <span class='ocrx_word' id='word_1_323' title='bbox 895 4321 931 4372; x_wconf 82' lang='lat' dir='ltr'>ies</span> <span class='ocrx_word' id='word_1_324' title='bbox 941 4319 1111 4383; x_wconf 66' lang='lat' dir='ltr'>armonicales</span> <span class='ocrx_word' id='word_1_325' title='bbox 1120 4319 1259 4371; x_wconf 79' lang='lat' dir='ltr'>troisiemes</span> <span class='ocrx_word' id='word_1_326' title='bbox 1266 4322 1292 4371; x_wconf 84' lang='lat' dir='ltr'>et</span> <span class='ocrx_word' id='word_1_327' title='bbox 1301 4319 1338 4369; x_wconf 85' lang='lat' dir='ltr'>tea</span> 
     </span>
    </p>
   </div>
   <div class='ocr_carea' id='block_1_5' title="bbox 0 0 1440 5062">
    <p class='ocr_par' dir='ltr' id='par_1_8' title="bbox 0 0 1440 5062">
     <span class='ocr_line' id='line_1_39' title="bbox 0 0 1440 5062; baseline 0 0"><span class='ocrx_word' id='word_1_328' title='bbox 0 0 1440 5062; x_wconf 95' lang='lat' dir='ltr'> </span> 
     </span>
    </p>
   </div>
  </div>
 </body>
</html>
