2872 5062
197 365 267 416 aar.
283 367 329 416 rr.
342 369 381 416 nn
395 368 513 418 incur.
528 369 586 418 rao
600 369 679 418 uren
693 370 732 418 nr
746 371 840 420 narn.
855 371 917 419 cru.
936 371 1005 420 ror.
1024 371 1070 420 nr.
1144 350 1207 421 tot

99 511 178 557 num
205 486 409 572 momentis,
438 512 526 586 quae
551 486 586 557 in
611 485 714 559 altera
745 487 859 560 huius
875 488 952 559 libri
979 490 1130 563 sectione
1151 491 1211 563 ad-

97 599 255 672 duximus
273 600 317 671 ad
334 601 580 673 ostendendum
601 601 703 674 huius
725 604 925 677 sacramenti
944 604 1117 678 ministros
1134 631 1212 679 esse

100 713 193 813 ipsos
220 714 469 788 contrahentes.
995 787 998 793 ,

170 829 237 903 Sed
262 831 292 903 si
318 831 503 904 adversarii
535 833 719 932 propositio
750 832 813 905 suh
839 833 903 906 hoe
928 850 1082 932 respectu
1115 820 1211 907 suam

99 946 200 1018 habet
215 948 416 1034 ueritatem,
437 947 501 1020 sub
526 948 593 1022 alio
619 975 715 1021 suam
741 948 887 1048 praefert
911 949 1109 1036 salsitatem,
1130 950 1210 1023 dum

99 1089 218 1164 nempe
240 1064 362 1136 exinde
386 1063 512 1161 colligit
537 1066 719 1139 universim
735 1066 856 1139 ‚valere
879 1068 1127 1166 matrimonium
1147 1068 1210 1140 suh

99 1178 237 1250 ratione.
254 1184 445 1251 contractus
464 1179 572 1252 civilis
591 1180 722 1252 initum.
740 1181 872 1253 Etenim
890 1179 1069 1253 concilium
1086 1182 1212 1254 triden-

101 1292 206 1364 tinum
232 1291 274 1364 ad
300 1293 393 1392 quod
417 1318 479 1366 nos
507 1303 665 1392 provocat
683 1310 809 1381 orator,
832 1294 867 1365 in
885 1320 925 1367 eo
943 1321 1043 1393 quem
1061 1295 1135 1394 ipse
1153 1323 1212 1395 per

99 1433 244 1481 acorem
264 1417 419 1481 canonem
433 1425 548 1497 uocat,
569 1436 631 1483 nos
648 1436 727 1483 vero
745 1409 890 1511 dicimus
913 1410 1074 1482 decretum
1091 1428 1124 1484 et
1139 1412 1211 1511 qui-

98 1522 174 1596 dem
198 1525 464 1623 reformationis,
486 1524 653 1597 decernit:
677 1556 695 1593 «
712 1525 771 1623 qui
791 1525 971 1599 non'aliter
990 1552 1092 1623 quam
1113 1552 1212 1623 prae-

101 1654 195 1712 sente
208 1634 439 1739 parocho...at
450 1640 659 1713 duohusaut
676 1640 784 1714 trihus
804 1639 944 1713 testibus
963 1640 1210 1713 matrimonium

99 1753 296 1827 contrahere
306 1753 534 1841 attentabunt,
551 1782 609 1828 eos
622 1782 652 1828 s.
662 1753 812 1854 synodus
825 1754 868 1826 ad
883 1755 933 1826 sic
945 1753 1211 1827 contrahendum

99 1867 236 1941 omnino
262 1866 429 1941 inhabiles
445 1869 639 1956 ‘reddit,et
660 1869 854 1942 huiusmodi
880 1885 1070 1943 contractus
1087 1869 1210 1947 ,irritos

25 2041 29 2043 -
99 1980 353 2058 etnullosesso
371 1983 539 2070 decernit,
560 1999 659 2081 prout
676 2009 734 2056 eos
753 1984 922 2081 praesenti
947 1984 1071 2056 decreto
1097 1984 1210 2057 irritos

101 2095 180 2170 lacit
192 2111 226 2168 et
238 2095 425 2169 annullat.»
439 2098 540 2171 Porro
553 2124 641 2196 quae
654 2123 766 2170 coram
779 2098 976 2193 magistratu
988 2096 1081 2183 civili
1096 2098 1210 2170 ineun-

99 2228 164 2288 tur,
178 2213 333 2312 nuptiae,
362 2229 440 2286 non
463 2213 622 2285 ineuntur
649 2227 818 2310 praesente
847 2213 1011 2310 paruolum
1039 2239 1117 2308 ergo
1143 2238 1209 2284 non

100 2329 353 2428 suntnuptiae,
384 2354 447 2401 nec
472 2344 551 2402 sunt
575 2344 766 2402 contractus
792 2328 834 2402 oh
860 2327 1025 2401 delectum
1052 2327 1211 2400 habilita-

99 2445 141 2517 tis
167 2445 213 2518 ad
235 2444 522 2530 contrahendum;
540 2445 615 2518 ,sed
644 2461 724 2518 sunt
745 2444 867 2518 stultus
895 2461 927 2516 et
946 2444 1076 2542 'impius
1102 2470 1208 2518 ausus

99 2576 214 2634 contra
229 2559 392 2634 ecelesiae
404 2560 588 2635 catholicae
602 2575 741 2646 statuta;
755 2561 859 2658 etqui
874 2560 961 2633 fietis
974 2559 1069 2633 hisee
1083 2559 1211 2659 nuptiis

99 2675 173 2749 lreti
198 2674 419 2763 cohabitant,
435 2703 486 2750 xse
499 2677 719 2754 constituunt
743 2677 778 2747 in
803 2691 892 2748 statu
918 2677 1025 2776 turpis
1052 2675 1212 2758 concubi,

16 2814 18 2818 ⁴
100 2806 213 2865 natus
234 2791 386 2865 Ecclesia
410 2818 544 2892 semper
571 2791 708 2891 quidem
730 2791 904 2865 abhorruit
927 2820 947 2865 a
969 2792 1099 2890 nuptiis
1120 2779 1212 2864 elan-

100 2904 263 3000 destinis,
293 2922 395 3006 atque
417 2923 454 2980 ut
478 2906 613 2978 illicitas
639 2906 775 2992 habuit,
802 2921 835 2981 at
860 2932 1061 3005 numquam,
1092 2904 1211 3006 saltem

100 3004 182 3118 lege
192 3020 354 3118 generali,
371 3020 482 3095 irritas
501 3020 579 3093 lecit
595 3048 703 3119 usque
721 3021 764 3093 ad
782 3021 961 3100 concilium
979 3020 1207 3093 tridentinum.

100 3136 142 3211 At
166 3139 291 3226 modo,
319 3137 408 3212 velit
424 3135 506 3212 nolit
524 3150 679 3235 potestas
703 3136 840 3223 civilis,
866 3153 945 3208 sunt
975 3136 1099 3208 irritae.
1133 3135 1210 3208 Sola

100 3254 244 3328 ecclesia
270 3281 425 3329 revocare
446 3254 573 3351 legem
581 3269 690 3352 potest
715 3278 816 3381 quam
842 3251 928 3324 tulit.
1029 3327 1031 3331 ,

175 3371 352 3458 Quinimo,
372 3372 422 3443 uti
440 3369 676 3443 animadvertit
692 3368 846 3465 egregius
864 3381 999 3474 auctor,
1021 3395 1050 3440 sr
1041 3327 1210 3441 ecclesia

103 3487 274 3561 decretum
296 3513 317 3559 a
338 3514 376 3560 se
395 3487 522 3560 editum
547 3486 619 3557 de
611 3484 796 3557 irritatione
822 3483 1051 3581 coniugiorum
1076 3483 1211 3558 clande-

102 3582 268 3674 stinorum
296 3599 463 3685 aboleret,
486 3599 539 3671 lex
560 3599 603 3670 de
627 3599 840 3671 matrimonio
859 3597 971 3684 civili,
995 3596 1114 3671 saltem
1136 3622 1211 3669 sae-

102 3717 264 3815 pissime,
293 3716 423 3789 inutilis
446 3713 659 3800 redderetur,
685 3739 747 3785 nec
770 3713 884 3786 vexari
908 3729 1047 3813 possent
1072 3711 1209 3812 parochi

101 3830 144 3904 oh
167 3830 322 3905 collatam
342 3830 396 3904 vel
421 3830 617 3927 denegatam
643 3826 922 3901 benedictionem.
939 3829 1102 3899 Revocato
1120 3826 1209 3899 enim

104 3948 263 4045 coniugio
288 3947 331 4020 ad
358 3963 482 4023 statum
509 3947 709 4045 pristinum,
733 3961 874 4044 possent
895 3943 1128 4018 contrahentes
1150 3943 1211 4038 per

102 4077 266 4137 secretum
289 4088 492 4136 consensum
514 4061 589 4134 sine
609 4060 781 4134 sacerdote
799 4074 831 4132 et
848 4058 988 4133 testibus
1007 4083 1106 4129 suum
1123 4055 1209 4129 inire

103 4178 317 4276 coniugium,
346 4178 428 4278 quin
454 4177 652 4276 gubernium
679 4177 712 4248 id
738 4175 925 4248 ullomodo
951 4187 1101 4247 nosceret
1117 4175 1205 4266 (83).

173 4346 225 4410 (st)
239 4345 368 4410 Avugadro
378 4348 450 4397 eunte
465 4343 529 4396 detta
540 4345 631 4409 hlotta,
644 4347 748 4397 Teortcu
760 4343 822 4395 clett'
831 4346 979 4396 r'rtttuztooe
988 4342 1032 4396 det
1043 4343 1210 4394 matrimonio

1130 4456 1165 4505 26
