2872 5062
167 335 236 406 126
371 357 432 407 nra.
454 356 478 408 r.
498 356 584 408 sacr.
600 358 623 408 ι.
645 358 685 408 nr
710 359 839 411 urrann.
860 358 1087 414 sncmusmo:

165 489 279 574 utpote
293 497 372 548 vern
390 472 551 572 religione
570 473 723 548 destituti
741 502 807 549 non
825 473 977 576 poterant
994 479 1028 551 iu
1044 479 1200 577 coniugio
1216 510 1273 557 ce·

164 586 324 663 lebrando
346 588 516 662 intendere
539 589 606 662 nisi
632 606 836 663 contractum
862 592 1045 666 naturalem
1062 620 1101 668 ac
1116 595 1267 684 civilem,

164 731 263 804 quem
277 721 310 778 et
322 704 552 804 exprimebant
567 704 679 779 verbis
696 707 922 781 contrahendo
939 707 1086 796 idoneis;
1107 711 1163 784 isti
1176 737 1267 800 vero,

163 819 227 892 etsi
253 819 373 892 iisdem
397 835 534 893 utantur
549 819 673 906 verbis,
694 821 896 895 contrahunt
912 839 1021 895 tamen
1039 821 1272 925 modo'super·

163 934 325 1022 naturali,
347 934 414 1007 imo
429 950 466 1007 et
481 935 711 1008 sacramentali
739 936 853 1034 utpote
877 937 980 1011 erecti
1003 954 1039 1012 et
1062 941 1206 1038 cooptati
1220 941 1268 1014 viu

163 1047 287 1122 Christi
313 1048 501 1136 ecclesiam,
522 1050 556 1122 in
574 1076 641 1150 qua
666 1050 776 1149 ipsius
801 1050 990 1126 saltatoris
1005 1052 1173 1128 voluntate
1188 1081 1271 1129 con·

163 1172 290 1237 tractus
315 1163 403 1235 idem
429 1181 672 1238 sacramentum
698 1166 869 1240 constituit
884 1183 918 1240 et
934 1166 1036 1240 habet
1051 1169 1271 1266 significatio-

164 1304 240 1350 nem
265 1277 444 1376 practicam
469 1278 608 1351 u'nionis
629 1277 752 1351 Christi
775 1305 850 1352 cum
867 1280 1032 1368 ecclesim
1045 1298 1084 1355 ut
1100 1282 1199 1357 toties
1216 1285 1271 1356 in·

163 1391 381 1489 calcavimus.
398 1392 504 1492 ldque
523 1392 607 1467 adeo
631 1392 728 1467 lucile
751 1410 804 1467 est
816 1394 949 1495 'cuique
973 1395 1135 1485 suadere,
1155 1414 1212 1485 ut,
1232 1424 1270 1472 re

162 1507 247 1582 hene
272 1524 472 1608 perspectei
491 1508 637 1582 'difficile
661 1509 798 1583 omnino
812 1509 867 1583 sit
891 1536 965 1583 non
982 1508 1191 1610 persuaderi.
1218 1538 1240 1557 ’-

235 1616 331 1710 Quod
357 1624 387 1698 si
413 1623 569 1698 haeretici
593 1625 968 1721 ea'nrgumentarentur
990 1625 1135 1715 ratione,
1164 1654 1268 1727 quum

161 1737 297 1837 exponit
320 1738 453 1825 Canum
475 1739 618 1811 fidenter
640 1753 743 1838 atque
767 1738 920 1831 animose
942 1739 1096 1815 catholici
1122 1741 1268 1840 theologi

161 1852 378 1929 defenderent
394 1855 473 1927 fidei
490 1854 555 1928 hoo
570 1853 692 1951 dogma
703 1885 713 1942 ‚⁷
731 1853 901 1928 veritatem
924 1854 1052 1929 scilicet
1069 1854 1268 1930 sacramenti

163 1968 386 2056 matrimonii,
419 1968 503 2068 quin
527 1967 563 2040 in
588 1967 778 2041 subsidium
809 1967 1010 2041 advocarent
1042 1975 1163 2044 novem
1192 1971 1269 2046 eius

163 2083 362 2157 sententiam
379 2140 388 2171 ‚
416 2083 697 2184 quemadmodum
716 2082 787 2156 sive
803 2097 880 2156 ante
897 2083 969 2157 sive
986 2100 1062 2181 post
1074 2083 1192 2182 ipsum
1208 2085 1270 2159 de-

161 2197 406 2273 lendemnt‘tot
422 2224 539 2296 graves
563 2197 709 2296 theologi
734 2197 857 2271 avitam
881 2197 1067 2272 doctrinam
1092 2200 1216 2288 secuti,
1236 2217 1272 2276 et

95 2348 97 2354 ¹
160 2313 360 2414 cuicumque
390 2313 551 2413 poscenti
566 2329 808 2388 consentaneas
833 2315 973 2401 causas,
1001 2311 1162 2387 rationem
1192 2316 1270 2389 red·

160 2428 318 2502 diderunt
342 2429 384 2501 de
416 2448 479 2515 ea‚·
509 2434 597 2528 quae
630 2429 664 2512 in
698 2426 840 2501 ecclesia
871 2443 924 2502 est
954 2428 1069 2516 firma,
1106 2428 1269 2528 perpetua

160 2544 387 2642 constansque
399 2542 693 2616 doctrinm-immo
716 2568 795 2614 vero
820 2541 908 2615 addo
932 2540 1193 2640 longe-firmiori
1211 2569 1268 2618 so-

161 2655 340 2754 lidiorique
356 2654 486 2728 untione
503 2654 538 2727 id
556 2681 613 2728 eos
632 2654 841 2753 praestitisse
857 2671 958 2755 atque
975 2659 1147 2754 praestare
1162 2655 1266 2756 quam

160 2769 258 2858 illos,
279 2770 338 2871 qui
364 2770 493 2845 luentes
519 2774 692 2869 novasque
716 2769 900 2869 opiniones
917 2772 1035 2845 sectari
1061 2771 1263 2848 meluerunt.

96 2875 99 2881 ²
159 2885 202 2958 Et
224 2885 308 2960 haec
332 2885 375 2958 de
400 2885 604 2983 argumentis
629 2885 723 2958 Cani.

230 3000 394 3075 solidiora
412 3027 510 3099 porro
534 3026 601 3074 uon
628 3006 708 3074 sunt
731 3017 938 3098 argumenta,
959 3028 1047 3102 quae
1064 3002 1266 3078 recentiores

159 3115 305 3213 theologi
329 3117 508 3191 adtexusre
532 3115 576 3189 nd
601 3115 692 3190 illius
718 3116 920 3190 sententiam
943 3116 1158 3191 fulciendam.

226 3230 278 3304 Ac
304 3232 339 3302 1.
362 3230 447 3325 nihil
470 3245 561 3304 vetat
583 3231 764 3331 quominus
797 3230 953 3328 coniugia
982 3231 1087 3305 mixta
1110 3229 1268 3306 dicantur

159 3348 382 3433 sacramenta,
397 3344 579 3420 dummodo
596 3347 638 3419 ad
657 3361 902 3420 sacramentum
920 3345 1191 3419 constituendum
1208 3373 1266 3421 ne·

157 3460 305 3533 cessaria
328 3477 547 3546 concurrant.;
574 3459 612 3532 in
635 3485 718 3532 casu
742 3474 862 3531 numm.
878 3463 991 3533 nostro
1011 3472 1094 3531 sunt
1109 3484 1150 3531 ea
1167 3458 1263 3558 ipsa,

158 3602 246 3676 quae
269 3591 477 3650 contractum
502 3574 698 3676 perficiunt,
728 3573 857 3648 scilicet
873 3562 1067 3647 'consensus
1084 3598 1146 3670 per
1162 3572 1269 3647 verbu

156 3693 211 3765 de*
224 3692 503 3792 praesenti-inter
526 3691 692 3790 legitimas
717 3716 879 3790 personas
904 3715 980 3762 cum
1004 3687 1192 3762 intentione
1215 3687 1266 3761 ln-

156 3808 267 3883 ciendi
284 3808 332 3895 id,
353 3808 443 3908 quod
468 3807 548 3880 lacit
571 3805 734 3893 ecclesia;
763 3809 823 3878 s'eu
848 3804 981 3904 potius,
1008 3802 1120 3903 quoad
1145 3799 1265 3875 haere·

156 3923 260 4009 ticos,
284 3921 430 3996 faciendi
455 3919 545 4020 quod
571 3918 725 3992 Christus
751 3917 913 4004 institnit;
942 3915 1075 3989 unllam
1093 3913 1264 4014 siquidem

155 4036 257 4109 aliam
282 4035 498 4109 intentionem
522 4031 665 4106 ecclesia
697 4031 822 4105 habere
851 4045 971 4131 potest.
1003 4027 1100 4116 Quod
1127 4027 1156 4100 si
1183 4027 1265 4100 hae-

156 4145 265 4226 retica
281 4138 369 4250 ¹pars
394 4175 456 4222 nec
479 4147 642 4248 implicite
674 4146 810 4246 quidem
842 4143 1009 4219 eiusmodi
1044 4140 1263 4215 intentionem

155 4265 376 4368 praescierat,
411 4264 512 4337 immo
537 4278 571 4338 et
593 4262 793 4337 contrariam
807 4260 929 4359 fgerat‚
963 4256 1185 4334 nihilomiuus
1207 4280 1265 4337 sn-¹
