2872 5062
172 350 240 420 tto
375 368 435 417 nn.
457 368 479 416 r.
501 365 586 416 sacr.
608 367 631 415 1.
647 367 687 416 ns
703 365 835 417 urrais.
852 364 1063 418 sicmumro.

171 484 401 559 abstraherent
413 480 529 556 fideles
542 508 562 554 a
576 480 861 554 coniunctionibus
874 480 1108 569 clandestinis;
1125 498 1195 556 tum
1208 509 1280 559 ma-

170 600 220 673 ior
236 597 452 684 solemnitas,
467 612 792 696 quasacramentum
809 596 920 669 ornari
940 595 1055 684 debet,
1071 597 1114 669 ad
1128 596 1279 673 fidelium

170 712 436 787 contrahentium
453 726 580 783 mentes
598 710 632 781 in
650 710 755 783 Deum
772 711 968 806 erigendas;
989 709 1171 785 sensilibus
1188 714 1278 786 enim

170 828 278 924 magis
290 824 617 925 ipsirpercelluntur,
634 849 673 897 ao
686 850 800 897 eorum
819 825 903 898 fides
917 850 956 898 ac
969 826 1076 923 pietas
1093 826 1280 903 excitantur

169 941 225 1014 his
243 941 349 1015 sacris
367 938 502 1028 ritibns3
524 953 592 1010 tum
618 938 765 1038 denique
780 938 823 1011 ad
841 938 1013 1014 uberiores
1030 941 1155 1037 gratias
1172 969 1192 1015 a
1209 943 1280 1018 Deo

171 1083 273 1156 super
294 1080 438 1155 sponsos
461 1045 701 1152 impetrandas.
718 1052 814 1140 Quod
831 1079 910 1127 vcro
926 1053 1080 1139 adalind
1096 1055 1280 1133 incommo-

168 1167 248 1240 dum
266 1168 384 1241 attinet
399 1193 440 1240 cn
456 1191 497 1240 eo
512 1166 764 1265 depromptum,
784 1167 875 1266 quod
892 1166 947 1240 vix
964 1168 999 1239 in
1015 1161 1081 1242 hac
1097 1168 1277 1268 hypothesi

167 1310 207 1358 ac
232 1310 276 1357 ne
304 1285 360 1357 vix
385 1283 524 1384 quidem
547 1283 734 1380 dogmatica
765 1282 808 1355 da
837 1297 1044 1373 sacramento
1076 1285 1277 1368 matrimonii

169 1398 291 1472 veritas
318 1398 479 1471 adversus
505 1395 691 1470 haereticos
706 1395 836 1470 adstrui
853 1421 893 1468 ac
909 1394 1044 1469 delendi
1062 1414 1194 1495 posset,
1214 1424 1276 1473 nos

168 1511 202 1584 in
221 1512 324 1610 priori
342 1511 444 1584 huius
461 1509 702 1597 lucubrationis
716 1509 825 1609 capite
837 1534 910 1584 eam
923 1509 1131 1585 adstruxisse
1146 1537 1187 1584 ao
1203 1538 1278 1612 pro·

166 1650 336 1727 pugnasse
362 1624 561 1700 confidimus
587 1623 716 1724 absque
740 1623 903 1699 eiusmodi
929 1623 1081 1700 subsidio
1091 1673 1111 1712 ‚--
1127 1627 1277 1701 ostendi·

166 1767 309 1840 musque
341 1742 440 1822 etiam
467 1739 502 1812 in
528 1739 693 1813 sententia
716 1740 759 1812 de
783 1739 1055 1814 contmhcntibus
1079 1740 1274 1831 ministris,
1314 1813 1318 1819 .

167 1882 234 1955 qua
246 1856 374 1929 ratione
389 1882 429 1928 ex
442 1854 510 1928 illis
523 1854 730 1928 documentis
740 1844 927 1952 dogmatica
940 1844 1139 1930 sacramenti
1151 1857 1278 1938 verim

165 1970 272 2046 evinci
282 1969 576 2070 possitacdebeat.
587 1970 683 2044 Nunc
691 1995 768 2044 vero
778 1968 933 2044 addimus
943 1969 1153 2046 adversarios
1162 1972 1276 2072 potius

163 2086 232 2169 uim
245 2087 519 2166 documentomm
543 2085 730 2173 infirmare,
758 2085 839 2158 dum
856 2111 922 2160 non
940 2085 1154 2162 considerant
1174 2113 1278 2187 posse

163 2199 349 2283 haereticos
364 2214 464 2274 totae
478 2213 589 2285 tanus
602 2198 815 2274 difficultates
828 2225 997 2299 opponere
1008 2199 1172 2277 adversus
1182 2201 1277 2278 eius·

163 2316 253 2389 modi
277 2314 523 2415 probationem,
544 2330 582 2390 ut
598 2339 696 2411 aegre
717 2315 852 2388 omnino
868 2313 937 2388 illis
954 2315 1112 2390 satisfieri
1137 2333 1271 2416 posset,

164 2430 284 2530 petitas
315 2429 528 2529 potissimum
553 2455 593 2502 ex
619 2429 777 2504 secundis
802 2429 949 2528 nuptiis,
977 2429 1102 2538 quibus
1126 2431 1274 2530 denega·

161 2544 261 2617 batur
284 2543 472 2617 benedictio
498 2543 740 2632 sacerdotalis,
768 2570 807 2619 ac
832 2543 1052 2623 nihilominus
1075 2562 1113 2620 ut
1135 2571 1216 2622 vera
1238 2565 1274 2623 et

162 2674 234 2733 rata
265 2658 476 2734 matrimonia
500 2684 539 2732 ac
563 2674 771 2735 sacramenta
795 2659 929 2735 habitae
955 2677 1054 2749 sunt,
1081 2660 1273 2763 debentque

162 2771 292 2846 haberi.
310 2772 360 2845 Ex
381 2798 449 2871 qua
474 2788 642 2872 postrema
667 2772 955 2849 animaduersione
979 2775 1104 2874 pariter
1125 2776 1273 2852 concidit

161 2887 348 2965 coniectura
366 2886 540 2964 Benedicti
565 2885 699 2961 Stattler
722 2887 899 2988 desumpta
915 2914 956 2963 ex
972 2888 1103 2964 delectu
1126 2890 1272 2966 vocabu

160 3001 268 3077 lorum
291 3003 447 3077 maurice
471 3016 504 3079 et
527 3002 650 3100 [creme
675 3017 805 3101 patrum
831 3017 962 3077 aetate:
993 3028 1055 3076 nec
1078 3002 1169 3079 enim
1194 3004 1271 3110 heic

161 3117 269 3215 agitur
292 3118 337 3190 de
354 3117 543 3203 vocubulis,
573 3116 633 3193 sed
658 3118 698 3196 rte
721 3144 775 3202 re,
804 3136 914 3196 utrum
944 3134 1056 3218 patres
1088 3118 1270 3195 habuerint

161 3247 328 3331 umquam
353 3231 667 3310 veramatrimonia
683 3258 724 3307 ac
741 3232 880 3332 pmindc
901 3249 1109 3309 sacramenta
1133 3236 1271 3310 coniun-

159 3345 306 3432 ctiones,
335 3344 458 3444 quihus
483 3372 549 3420 non
574 3345 813 3427 interveniebat
837 3347 1053 3423 sacerdotalis
1080 3346 1270 3423 benedictio

159 3485 198 3531 ex
216 3457 378 3539 ecclesiae
394 3485 472 3548 usu,
494 3474 552 3536 aut
572 3460 798 3560 praescripto,
819 3477 918 3560 prout
935 3460 1148 3560 contingebat
1165 3461 1201 3536 iu
1219 3487 1271 3537 se·

158 3572 280 3649 cundia
302 3571 582 3674 uberioribusque
607 3574 755 3651 fidelium
780 3577 919 3674 nuptiis.

173 3763 175 3766 ,
199 3730 202 3734 ·
230 3687 393 3787 Superest-
410 3703 448 3764 ut
472 3688 667 3788 scrupulum,
682 3689 885 3786 abigamus,
905 3691 1060 3790 quioriri
1077 3689 1211 3764 uidetur
1226 3717 1268 3764 ex

158 3791 334 3874 ritualibus
366 3800 543 3878 latinorum
567 3801 681 3891 libris,
710 3820 810 3902 atque
835 3830 875 3877 ex
899 3803 1105 3901 euchologiis
1131 3830 1268 3900 graeco-

157 3914 241 3987 rum.
264 3915 336 3990 lltsi
361 3917 449 3989 enim
465 3918 588 3990 ¹rerum
614 3918 716 4000 soret,
745 3915 829 3993 haec
852 3918 1050 3993 documenta
1074 3914 1268 3994 constanter

156 4030 360 4106 sacerdotem
389 4029 547 4106 exhibere
571 4032 737 4108 connubia
761 4033 945 4109 christiana
969 4034 1180 4132 iungentem,
1206 4033 1266 4109 be·

156 4144 377 4219 nedietionem
396 4146 475 4220 item
493 4146 753 4247 impertientem,
782 4148 1040 4250 fundentemque
1064 4175 1181 4248 preces
1206 4175 1273 4243 suf

158 4284 218 4354 per
242 4258 422 4347 nubentes,
445 4261 603 4348 si'tamen
628 4263 690 4338 rite
715 4289 754 4337 ea
780 4279 1042 4363 perscrutemur,
1070 4264 1263 4365 oppositum
