2872 5062
243 335 313 406 364
430 359 492 407 trs.
514 358 537 407 ι.
558 356 644 406 secr.
666 357 796 406 nerum.
818 358 858 406 nn
884 358 1015 407 niuniu.
1038 357 1144 408 crvier.

697 529 883 626 Responsio.

315 712 502 786 Universim
522 710 717 784 huiusmodi
743 728 892 785 oratores
914 727 1091 785 assumunt
1112 714 1145 782 1.
1164 711 1262 784 Civili
1283 739 1356 786 ma-

242 829 395 928 gistratui
428 843 628 927 potestatem
655 828 767 900 inesse
792 827 958 901 condendi
984 827 1090 924 legem
1120 829 1210 900 circa
1239 831 1357 900 matri-

241 944 410 1029 monium;
432 946 466 1015 2.
478 942 649 1016 vinculum
663 942 857 1039 religiosum
872 942 1021 1042 separari
1034 968 1136 1041 posse
1149 970 1169 1014 a
1182 959 1356 1016 contractu

243 1058 354 1146 civili3
378 1061 411 1131 3.
429 1083 568 1157 scopum
586 1057 671 1155 legis
689 1084 766 1131 esse
784 1059 978 1131 satisfacere
1000 1056 1282 1155 independentiae
1301 1085 1358 1157 po·

242 1174 372 1248 testatis
390 1173 513 1259 civilis,
530 1188 563 1246 et
575 1173 783 1271 obligationi,
804 1201 905 1273 quam
924 1173 1025 1246 habet
1042 1187 1147 1246 status
1165 1199 1246 1270 erga
1264 1175 1356 1247 cives

243 1287 332 1360 hanc
356 1289 465 1386 ipsam
491 1288 787 1387 independentiam
805 1289 849 1360 iis
866 1286 1072 1360 vindicandi.
1090 1288 1160 1359 lam
1175 1313 1255 1360 vero
1274 1288 1358 1360 hacc

244 1403 358 1475 omnia
381 1418 414 1475 et
439 1402 574 1501 singula
599 1402 686 1476 salsa
711 1420 800 1476 sunt.

317 1518 450 1591 Etenim
468 1518 560 1591 civili
580 1520 789 1616 magistratui
809 1519 901 1592 nulla
918 1521 1008 1591 inest
1024 1534 1173 1619 potestas
1191 1519 1358 1592 condendi

243 1636 350 1733 legem
372 1634 463 1707 circa
485 1634 755 1720 matrimonium,
778 1635 812 1705 id
831 1649 882 1707 est
899 1635 989 1707 circa
1014 1649 1220 1707 contractum
1246 1634 1358 1735 ipsum

243 1749 452 1848 coniugalem
474 1776 514 1822 ac
532 1749 703 1823 vinculum
724 1750 849 1847 ipsum,
871 1776 911 1821 ex
927 1776 995 1848 quo
1020 1750 1273 1821 matrimonium
1299 1775 1360 1822 scu

245 1880 491 1938 sacramentum
522 1865 726 1938 matrimonii
754 1866 895 1962 exurgit.
925 1867 990 1938 Lex
1021 1864 1132 1937 civilis
1164 1864 1358 1940 nullatenus

245 1978 345 2054 condi
367 1995 476 2081 potest
496 1981 562 2053 nisi
584 1982 672 2054 circa
696 2008 754 2067 ea,
776 2007 865 2080 quae
891 1998 970 2053 sunt
995 1981 1210 2054 matrimonio
1232 1983 1359 2054 extrin-

239 2120 325 2170 seca
341 2111 374 2169 et
391 2095 629 2183 accidentalia,
649 2095 839 2170 cuiusmodi
858 2112 936 2169 sunt
954 2123 1005 2169 ex.
1018 2123 1067 2193 gr.
1082 2096 1156 2182 dos,
1171 2098 1356 2181 successio,

244 2211 436 2285 haereditas
454 2229 517 2285 etc.
537 2237 692 2311 quaeque
708 2211 760 2284 vel
783 2212 948 2285 accedunt
961 2211 1003 2282 ad
1016 2211 1130 2308 ipsum
1148 2210 1356 2308 coniugium,

245 2328 299 2402 vel
317 2327 429 2429 ipsum
443 2343 631 2427 sequuntur
642 2344 675 2400 et
688 2328 905 2411 comitantur,
927 2352 994 2398 non
1008 2341 1119 2398 autem
1132 2326 1224 2398 circa
1238 2352 1358 2399 nexum

245 2470 285 2517 ao
305 2442 476 2517 vinculum
498 2444 668 2541 coniugii,
689 2443 780 2542 quod
797 2443 903 2516 oritur
918 2469 959 2515 ex
976 2463 1144 2514 consensu
1164 2442 1359 2514 contrahen-

246 2559 355 2645 tium,
387 2558 445 2657 qui
477 2559 546 2630 sint
578 2559 651 2631 iure
680 2557 811 2630 habiles
837 2582 877 2629 ac
901 2555 1061 2653 legitimi,
1091 2583 1153 2629 seu
1177 2556 1291 2629 idonei
1317 2555 1358 2628 ad

195 2697 197 2702 ·
246 2673 532 2758 contrahendum,
561 2700 682 2772 nempe
706 2673 750 2745 ad
776 2672 1005 2771 praebendum
1032 2697 1250 2764 consensum..
1285 2671 1359 2745 Sola

245 2788 361 2861 divina
378 2787 431 2861 lex
448 2804 558 2888 potest
579 2789 828 2861 matrimonium
854 2788 1041 2870 moderari,
1071 2787 1282 2861 conditiones
1294 2814 1358 2891 ap

244 2929 400 3004 ponere,
435 2905 723 3005 proprietatesque
754 2904 905 2980 definire.
935 2909 1020 2979 Nam
1046 2908 1138 2980 solus
1168 2907 1225 2981 ille
1252 2923 1358 3007 potest

244 3019 352 3117 legem
378 3019 520 3094 condere
537 3034 571 3091 et
587 3020 719 3092 sancire
744 3022 833 3093 circa
858 3021 1127 3107 matrimonium,
1157 3023 1217 3121 qui
1244 3022 1357 3094 matri·

243 3136 394 3208 monium
412 3135 526 3234 ipsum
546 3135 711 3222 instituit,
732 3151 834 3235 atque
851 3136 1010 3222 ecclesia,
1031 3137 1085 3209 cui
1104 3136 1191 3210 haec
1209 3154 1356 3234 potestas

246 3251 359 3323 aDeo
392 3251 637 3324 communicata
661 3267 724 3325 est.
774 3292 776 3297 ·

314 3365 405 3438 Deus
419 3392 518 3465 porro
532 3366 625 3439 solus
640 3383 703 3453 est,
719 3368 777 3468 qui
792 3382 828 3438 ut
841 3367 977 3439 Creator
990 3382 1023 3440 et
1034 3366 1196 3441 Conditor
1208 3368 1355 3466 plasma-

244 3481 293 3555 vit
310 3480 501 3570 hominem,
528 3481 709 3581 eduxitque
726 3507 766 3553 en
785 3481 887 3554 latere
903 3482 978 3555 eius
995 3482 1194 3568 foeminam
1215 3498 1255 3554 ut
1273 3508 1358 3554 sum-

245 3623 321 3670 mus
349 3597 499 3695 pontifex
524 3624 582 3670 eos
612 3599 647 3668 in
678 3599 869 3694 coniugium
896 3597 1068 3697 copulavit
1093 3623 1132 3670 ac
1160 3597 1353 3679 benedictin

178 3733 180 3739 ’
245 3729 283 3786 ut
299 3711 471 3810 legislator
487 3713 594 3811 legem
612 3713 688 3785 tulit
705 3713 748 3784 de
766 3728 927 3811 perpetuu
945 3712 1097 3784 eiusdem
1116 3712 1267 3810 coniugii
1286 3709 1358 3784 uui-

245 3842 311 3901 tate
338 3853 377 3902 ac
404 3827 700 3902 indissolubilitatc
717 3829 806 3922 (33).
825 3826 923 3913 Quod
946 3843 1101 3924 coeptum
1126 3841 1178 3898 est
1196 3825 1233 3897 in
1251 3841 1359 3926 proto-

322 4087 384 4136 item
399 4085 459 4135 ibid.
470 4098 527 4148 pag.
538 4092 581 4135 tos
592 4097 661 4147 seqq.
675 4085 795 4134 Estrotto
807 4081 851 4133 del
859 4081 973 4133 discorso
982 4081 1011 4132 dt
1019 4081 1182 4132 Boottcoilie
1191 4081 1360 4146 solproottto

245 4163 273 4214 nt
292 4165 363 4229 ioppe
379 4164 408 4215 oi
429 4165 504 4215 titolo
520 4167 545 4213 V.
561 4163 611 4214 Del
622 4165 798 4212 nmtrttnonio.

317 4247 367 4311 (33)
384 4251 419 4298 Ex
435 4248 546 4300 doctrina
559 4245 681 4299 constanti
691 4248 792 4297 Petrum
807 4249 913 4311 quatuor
929 4247 1041 4310 priorum
1051 4245 1206 4306 seculorum,
1216 4246 1245 4295 ut
1255 4241 1355 4295 ostendi·

245 4339 300 4377 mus
319 4327 345 4378 in
366 4327 456 4379 nostris
477 4327 604 4379 Praetect.
623 4325 732 4389 tteolop.
750 4327 821 4377 tract.
840 4327 1029 4378 De-tncnrnot.
1040 4325 1105 4387 port.
1113 4326 1146 4374 li.
1157 4336 1212 4388 cap.
1222 4324 1243 4376 1.
1254 4326 1324 4387 Prop.
1335 4321 1357 4369 in
