2872 5062
304 359 371 409 ιιι.
383 358 428 408 ιι.
441 359 482 408 ιι
500 358 600 408 utsrr.
622 357 733 408 ιιιιιιιι.
749 359 785 408 ιι
802 357 888 413 saon
902 360 971 408 ιιι.
984 360 1019 409 ιι.
1149 340 1217 412 195

100 477 237 564 monii,
270 477 398 549 inferri
410 476 500 551 haud
530 492 640 576 potest
672 477 864 565 distinctio,
897 503 957 551 seu
987 478 1107 576 potius
1124 506 1218 579 sepo

109 591 263 665 rabiliter
280 593 353 688 (17)
376 606 565 685 contractus
591 607 624 663 et
649 592 846 664 sacramenti
873 606 1042 692 tamquam
1069 594 1115 666 rei
1138 619 1158 667 a
1182 621 1219 666 re

109 708 144 779 in
170 706 328 804 coniugio
347 705 397 780 ad
425 706 565 780 formam
595 705 809 780 tridentinam
839 706 1028 796 celebrato,
1065 709 1151 783 adeo
1182 725 1220 782 ut

109 822 212 896 buius
237 821 369 895 articuli
394 847 515 897 sensus
540 821 604 896 sit:
625 838 706 894 tunc
729 821 864 910 saltem,
879 849 956 895 cum
969 820 1218 898 matrimonium

107 939 142 1009 in
159 936 247 1011 facie
257 935 425 1012 acclesiae
441 935 644 1024 celebratur,
671 936 861 1011 contractus
887 965 907 1011 a
932 933 1139 1012 sacramento
1165 966 1220 1013 se-

109 1053 219 1152 parari
245 1079 311 1127 non
337 1053 460 1153 potest,
473 1110 475 1115 .
489 1053 619 1127 etiamsi
644 1053 742 1125 detur
766 1051 986 1138 adversariis,
1011 1055 1218 1130 sacerdotem

107 1168 406 1242 essominisnum
421 1167 521 1254 Quod
536 1167 672 1267 quidem
690 1169 867 1242 ostendere
880 1195 1058 1268 operosum
1072 1195 1138 1244 non
1153 1187 1215 1244 est.

119 1341 121 1345 .
173 1281 311 1356 Etenim
329 1298 407 1356 tuno
425 1281 532 1356 solum
551 1281 750 1356 subsisteret
774 1282 940 1356 eiusmodi
959 1279 1130 1359 distinctio
1148 1312 1221 1359 rea,-

107 1395 150 1470 lis
160 1397 471 1471 'iuter‘contmctum
488 1413 521 1471 et
538 1413 801 1485 sacramentum,
823 1400 852 1471 si
870 1400 1140 1487 matrimonium,
1160 1424 1221 1473 seu

108 1528 296 1586 contractus
322 1512 508 1611 coniugalis
534 1539 595 1613 per
620 1513 771 1586 mutuum
793 1539 993 1587 consensum
1011 1515 1142 1601 verbis,
1163 1529 1221 1588 aut

107 1627 215 1725 signis
240 1648 455 1727 expressum,
475 1628 566 1702 aliud
584 1645 673 1703 esset
690 1646 821 1728 praeter
838 1624 1081 1704 sacramentum
1108 1623 1218 1728 ipsum

106 1769 168 1841 per
178 1741 448 1818 benedictionem
468 1741 707 1819 sacerdotalem
726 1746 912 1819 conlectum
930 1771 991 1818 seu
1008 1737 1221 1817 administra-

108 1874 190 1930 tum
214 1859 580 1958 Porro5sacramentum
603 1876 749 1947 nonest,
772 1885 833 1932 nec
858 1885 934 1933 esse
959 1874 1067 1957 potest
1092 1875 1223 1958 praeter

106 1972 313 2048 contractum
338 1977 463 2074 ipsum.
489 1977 575 2074 Ergo
601 1977 731 2050 invecta
750 1976 808 2048 illa
824 1976 996 2048 distinctio
1016 1975 1116 2048 realis
1135 1977 1221 2048 inter

106 2106 311 2164 contractum
333 2085 629 2166 el=soeramentum
656 2093 689 2164 in
715 2086 1001 2188 coniugiis‘etiam
1020 2090 1062 2162 ad
1081 2091 1223 2163 formam

107 2203 319 2278 tridentinam
343 2205 517 2279 celebratis
543 2207 672 2279 admitti
698 2206 824 2304 nequit.
1199 2198 1202 2203 ’

177 2318 290 2393 Minor
314 2321 477 2420 propositi
503 2320 690 2418 argumenti
723 2319 899 2437 multiplici
925 2346 964 2393 ex
990 2321 1099 2419 capite
1123 2320 1218 2392 evin-

107 2435 213 2508 citur:
242 2431 342 2510 acl.
364 2461 405 2508 ex
429 2435 571 2511 concilio
596 2431 792 2524 tridentino,
821 2430 914 2565 quod
939 2429 1116 2510 anathema
1141 2457 1219 2533 pro-

109 2551 282 2625 nunciavit
298 2551 332 2622 in
350 2548 483 2641 illos,
456 2576 515 2652 qur
506 2547 687 2638 dixerint,
704 2546 952 2624 matrimonium
971 2578 1037 2625 non
1054 2574 1221 2625 assevero

108 2681 139 2738 ot
154 2667 304 2766 proprie
300 2693 420 2740 unum
438 2692 479 2741 ex
496 2684 623 2768 septem
648 2663 751 2764 legis
762 2662 978 2764 evangelicae
1003 2660 1221 2779 sacramentis

112 2785 212 2876 (can.
225 2778 251 2854 l.
269 2786 297 2878 l.
315 2780 385 2855 Iam
404 2808 483 2858 vero
508 2786 537 2857 si
563 2783 656 2857 aliud
681 2800 771 2856 essct
794 2800 984 2858 contractus
1008 2799 1085 2894 post
1110 2802 1221 2895 sacen

109 2894 251 2981 dotalem
275 2893 567 2984 benedictionem,
599 2897 692 2970 aliud
717 2913 828 2971 autem
853 2913 1123 2985 sacramentum,
1135 2922 1218 2969 non

109 3008 254 3127 amplius
284 3035 362 3086 rere
385 3026 419 3085 et
441 3013 577 3111 proprie
608 3011 855 3085 matrimonium
879 3006 947 3084 dici
973 3025 1088 3110 posset
1111 3023 1222 3082 secrc-

108 3122 272 3213 mntem,
282 3122 343 3202 sed
360 3121 427 3201 dici
444 3122 580 3221 deberet
596 3132 842 3200 sacramentum
861 3126 1029 3199 adiectum
1050 3124 1221 3197 matrimo

109 3241 181 3328 nio,
190 3241 305 3357 eique
319 3242 526 3314 extrinsecus
546 3241 729 3314 obveniens
742 3239 993 3338 suscipiendum
1007 3253 1083 3337 post
1101 3238 1221 3311 initum

107 3350 334 3444 contractum,
363 3371 421 3428 aut
445 3348 659 3455 susceptum,
681 3383 711 3430 ιι
703 3356 860 3467 ',placet
882 3370 959 3454 post
974 3346 1129 3467 eumdem
1146 3378 1222 3429 con·

109 3486 249 3564 tractum
275 3497 335 3571 per
358 3471 626 3545 benedictionem
652 3471 849 3544 sacerdotis.
876 3469 964 3554 Quid
990 3460 1079 3542 enim
1105 3472 1140 3542 iri
1166 3469 1223 3542 ad-

108 3561 330 3661 versariorum
343 3587 508 3661 sententia
520 3586 721 3660 matrimonii
736 3574 869 3659 nomine
883 3584 1138 3682 significaretur,
1156 3585 1221 3657 nisi

115 3848 118 3853 .
180 3807 234 3872 (17)
249 3807 390 3861 adiecimus
400 3821 486 3860 vocem
498 3809 561 3859 banc
571 3807 603 3858 ad
613 3821 711 3859 omnem
728 3807 874 3872 abigendam
889 3806 1087 3870 ambiguitatem,
1099 3803 1159 3867 quia
1168 3803 1223 3855 fleri

108 3884 220 3936 nmotnte
236 3887 329 3950 potest,
342 3888 371 3937 ut
379 3886 430 3936 duo
440 3887 490 3937 rint
498 3888 562 3936 inter
570 3899 596 3937 sc
605 3887 715 3937 realiter
725 3886 855 3948 distincta,
865 3886 925 3949 quin
936 3885 1044 3950 separari
1056 3883 1087 3933 ab
1099 3883 1220 3945 invicem,

108 3963 195 4015 tollam
208 3964 236 4014 ri
250 3965 359 4015 nattrrali
375 3966 477 4028 possint.
489 3964 561 4025 Quod
571 3968 599 4017 ut
609 3965 693 4029 aliquo
704 3965 815 4029 exemplo
825 3956 958 4015 illustrem:
972 3976 1062 4027 corpus
1072 3963 1097 4011 ct
1106 3961 1189 4039 {anima¹
1197 3960 1223 4009 in

109 4041 207 4094 bomine
216 4043 316 4094 vivente
326 4047 385 4095 sunt
394 4046 493 4096 realiter
503 4046 633 4109 distincta,
646 4038 691 4098 nec
700 4049 781 4097 nmen
792 4038 885 4108 absque
895 4040 1003 4094 henricis
1021 4034 1173 4092 extinctionc'*
1185 4052 1223 4090 se·
1296 4046 1302 4055 ’

110 4122 189 4184 parari
200 4122 348 4174 abinvicem
364 4127 480 4188 possunt,
490 4128 515 4176 et
525 4126 559 4175 ita
569 4126 601 4176 de
611 4126 721 4189 pluribus
731 4126 794 4175 aliis.
807 4127 892 4187 ltaque
901 4123 998 4186 quoties
1008 4121 1058 4183 hic,
1069 4122 1112 4170 aut
1123 4118 1182 4170 alibi
1192 4119 1223 4169 de

109 4200 178 4251 reoli
189 4200 348 4252 distinctione
363 4203 506 4255 disserimus
517 4205 580 4255 inter
590 4207 743 4255 contractum
755 4206 780 4254 et
791 4205 969 4254 sacramentum
986 4202 1012 4250 in
1028 4200 1142 4262 coniugio
1159 4199 1221 4247 chri-

108 4281 187 4332 miano
197 4280 245 4332 troc
256 4293 328 4333 senso
338 4281 487 4335 intellectam
498 4286 561 4336 nanc
571 4285 720 4342 locutionem
731 4285 854 4334 retornus.
1151 4359 1171 4401 ἦ*
