<?xml version="1.0" encoding="UTF-8"?>
<!DOCTYPE html PUBLIC "-//W3C//DTD XHTML 1.0 Transitional//EN"
    "http://www.w3.org/TR/xhtml1/DTD/xhtml1-transitional.dtd">
<html xmlns="http://www.w3.org/1999/xhtml" xml:lang="en" lang="en">
 <head>
  <title>
</title>
<meta http-equiv="Content-Type" content="text/html;charset=utf-8" />
  <meta name='ocr-system' content='tesseract 3.04.00' />
  <meta name='ocr-capabilities' content='ocr_page ocr_carea ocr_par ocr_line ocrx_word'/>
</head>
<body>
  <div class='ocr_page' id='page_1' title='image "./dematrimoniochr00perrgoog_0302.png"; bbox 0 0 2872 5062; ppageno 0'>
   <div class='ocr_carea' id='block_1_1' title="bbox 306 356 1319 428">
    <p class='ocr_par' dir='ltr' id='par_1_1' title="bbox 306 356 1319 428">
     <span class='ocr_line' id='line_1_1' title="bbox 306 356 1319 428; baseline -0.001 -1"><span class='ocrx_word' id='word_1_1' title='bbox 306 376 478 428; x_wconf 78' lang='lat' dir='ltr'><strong>err.-11.or</strong></span> <span class='ocrx_word' id='word_1_2' title='bbox 495 376 588 427; x_wconf 78' lang='lat' dir='ltr'><strong>uara.</strong></span> <span class='ocrx_word' id='word_1_3' title='bbox 609 375 671 425; x_wconf 90' lang='grc' dir='ltr'><strong>οιι.</strong></span> <span class='ocrx_word' id='word_1_4' title='bbox 690 374 774 426; x_wconf 89' lang='lat' dir='ltr'><strong>anre.</strong></span> <span class='ocrx_word' id='word_1_5' title='bbox 793 375 1105 427; x_wconf 68' lang='lat' dir='ltr'><strong>praeconiaret.</strong></span> <span class='ocrx_word' id='word_1_6' title='bbox 1200 356 1270 426; x_wconf 68' lang='grc'><strong>283</strong></span> <span class='ocrx_word' id='word_1_7' title='bbox 1318 368 1319 372; x_wconf 75' lang='grc'>’</span> 
     </span>
    </p>
   </div>
   <div class='ocr_carea' id='block_1_2' title="bbox 156 493 1354 4232">
    <p class='ocr_par' dir='ltr' id='par_1_2' title="bbox 156 493 1354 4232">
     <span class='ocr_line' id='line_1_2' title="bbox 166 493 1273 594; baseline -0.003 -24"><span class='ocrx_word' id='word_1_8' title='bbox 166 497 251 570; x_wconf 85' lang='lat' dir='ltr'><strong>vites</strong></span> <span class='ocrx_word' id='word_1_9' title='bbox 283 495 357 567; x_wconf 86' lang='lat' dir='ltr'><strong>suis</strong></span> <span class='ocrx_word' id='word_1_10' title='bbox 390 493 603 567; x_wconf 84' lang='lat' dir='ltr'><strong>facultatibus</strong></span> <span class='ocrx_word' id='word_1_11' title='bbox 636 493 829 593; x_wconf 78' lang='lat' dir='ltr'>expoliem,</span> <span class='ocrx_word' id='word_1_12' title='bbox 865 510 974 567; x_wconf 88' lang='lat' dir='ltr'><strong>tamen</strong></span> <span class='ocrx_word' id='word_1_13' title='bbox 1007 511 1187 594; x_wconf 88' lang='lat' dir='ltr'><strong>coeperunt</strong></span> <span class='ocrx_word' id='word_1_14' title='bbox 1218 495 1273 567; x_wconf 89' lang='lat' dir='ltr'><strong>in-</strong></span> 
     </span>
     <span class='ocr_line' id='line_1_3' title="bbox 165 608 1269 710; baseline -0.002 -26"><span class='ocrx_word' id='word_1_15' title='bbox 165 611 287 684; x_wconf 78' lang='lat' dir='ltr'><strong>vadere</strong></span> <span class='ocrx_word' id='word_1_16' title='bbox 321 609 458 709; x_wconf 89' lang='lat' dir='ltr'><strong>impune</strong></span> <span class='ocrx_word' id='word_1_17' title='bbox 491 609 734 682; x_wconf 87' lang='lat' dir='ltr'><strong>ecclesiasticas</strong></span> <span class='ocrx_word' id='word_1_18' title='bbox 769 610 999 710; x_wconf 89' lang='lat' dir='ltr'><strong>proprietates.</strong></span> <span class='ocrx_word' id='word_1_19' title='bbox 1029 608 1104 694; x_wconf 86' lang='lat' dir='ltr'><strong>Quo</strong></span> <span class='ocrx_word' id='word_1_20' title='bbox 1134 610 1269 708; x_wconf 91' lang='lat' dir='ltr'><strong>quidem</strong></span> 
     </span>
     <span class='ocr_line' id='line_1_4' title="bbox 166 722 1272 822; baseline -0.002 -26"><span class='ocrx_word' id='word_1_21' title='bbox 166 723 383 822; x_wconf 72' lang='lat' dir='ltr'><strong>proprietatis</strong></span> <span class='ocrx_word' id='word_1_22' title='bbox 407 723 650 821; x_wconf 91' lang='lat' dir='ltr'><strong>cuiuscumque</strong></span> <span class='ocrx_word' id='word_1_23' title='bbox 666 722 883 795; x_wconf 83' lang='lat' dir='ltr'><strong>fundamenta</strong></span> <span class='ocrx_word' id='word_1_24' title='bbox 899 724 1053 822; x_wconf 88' lang='lat' dir='ltr'><strong>quatiunt</strong></span> <span class='ocrx_word' id='word_1_25' title='bbox 1069 722 1272 796; x_wconf 83' lang='lat' dir='ltr'><strong>labefectan-</strong></span> 
     </span>
     <span class='ocr_line' id='line_1_5' title="bbox 167 834 1271 940; baseline 0.001 -30"><span class='ocrx_word' id='word_1_26' title='bbox 167 865 246 940; x_wconf 90' lang='lat' dir='ltr'><strong>que.</strong></span> <span class='ocrx_word' id='word_1_27' title='bbox 274 838 405 911; x_wconf 80' lang='lat' dir='ltr'>Etenim</span> <span class='ocrx_word' id='word_1_28' title='bbox 431 863 498 910; x_wconf 92' lang='lat' dir='ltr'><strong>uon</strong></span> <span class='ocrx_word' id='word_1_29' title='bbox 522 839 634 911; x_wconf 89' lang='lat' dir='ltr'><strong>minus</strong></span> <span class='ocrx_word' id='word_1_30' title='bbox 660 834 751 936; x_wconf 81' lang='lat' dir='ltr'><strong>leges</strong></span> <span class='ocrx_word' id='word_1_31' title='bbox 778 853 924 911; x_wconf 90' lang='lat' dir='ltr'><strong>tutantur</strong></span> <span class='ocrx_word' id='word_1_32' title='bbox 946 855 981 911; x_wconf 89' lang='lat' dir='ltr'><strong>et</strong></span> <span class='ocrx_word' id='word_1_33' title='bbox 1004 862 1118 912; x_wconf 85' lang='lat' dir='ltr'><strong>sacras</strong></span> <span class='ocrx_word' id='word_1_34' title='bbox 1146 837 1271 911; x_wconf 89' lang='lat' dir='ltr'><strong>habent</strong></span> 
     </span>
     <span class='ocr_line' id='line_1_6' title="bbox 166 953 1274 1053; baseline -0.003 -26"><span class='ocrx_word' id='word_1_35' title='bbox 166 953 387 1052; x_wconf 89' lang='lat' dir='ltr'><strong>proprietates</strong></span> <span class='ocrx_word' id='word_1_36' title='bbox 408 953 557 1025; x_wconf 85' lang='lat' dir='ltr'><strong>virorum</strong></span> <span class='ocrx_word' id='word_1_37' title='bbox 582 953 904 1039; x_wconf 87' lang='lat' dir='ltr'><strong>ecclesiastieorum,</strong></span> <span class='ocrx_word' id='word_1_38' title='bbox 926 979 965 1026; x_wconf 90' lang='lat' dir='ltr'><strong>ac</strong></span> <span class='ocrx_word' id='word_1_39' title='bbox 981 953 1201 1053; x_wconf 83' lang='lat' dir='ltr'><strong>proprietates</strong></span> <span class='ocrx_word' id='word_1_40' title='bbox 1219 976 1274 1024; x_wconf 83' lang='lat' dir='ltr'><strong>re-</strong></span> 
     </span>
     <span class='ocr_line' id='line_1_7' title="bbox 164 1067 1273 1167; baseline 0 -28"><span class='ocrx_word' id='word_1_41' title='bbox 164 1069 333 1167; x_wconf 91' lang='lat' dir='ltr'><strong>liquorum</strong></span> <span class='ocrx_word' id='word_1_42' title='bbox 359 1067 494 1139; x_wconf 85' lang='lat' dir='ltr'><strong>civium.</strong></span> <span class='ocrx_word' id='word_1_43' title='bbox 521 1067 596 1139; x_wconf 87' lang='lat' dir='ltr'><strong>Pari</strong></span> <span class='ocrx_word' id='word_1_44' title='bbox 622 1067 695 1140; x_wconf 90' lang='lat' dir='ltr'><strong>iure</strong></span> <span class='ocrx_word' id='word_1_45' title='bbox 712 1093 774 1140; x_wconf 86' lang='lat' dir='ltr'><strong>sua</strong></span> <span class='ocrx_word' id='word_1_46' title='bbox 791 1067 964 1166; x_wconf 86' lang='lat' dir='ltr'><strong>possident</strong></span> <span class='ocrx_word' id='word_1_47' title='bbox 980 1067 1068 1140; x_wconf 90' lang='lat' dir='ltr'><strong>bona</strong></span> <span class='ocrx_word' id='word_1_48' title='bbox 1083 1067 1146 1139; x_wconf 84' lang='lat' dir='ltr'><strong>riri</strong></span> <span class='ocrx_word' id='word_1_49' title='bbox 1164 1067 1273 1140; x_wconf 89' lang='lat' dir='ltr'><strong>eccle-</strong></span> 
     </span>
     <span class='ocr_line' id='line_1_8' title="bbox 166 1180 1270 1281; baseline 0 -27"><span class='ocrx_word' id='word_1_50' title='bbox 166 1182 316 1268; x_wconf 87' lang='lat' dir='ltr'><strong>siastici,</strong></span> <span class='ocrx_word' id='word_1_51' title='bbox 332 1207 373 1254; x_wconf 90' lang='lat' dir='ltr'><strong>ac</strong></span> <span class='ocrx_word' id='word_1_52' title='bbox 389 1182 480 1254; x_wconf 88' lang='lat' dir='ltr'><strong>cives</strong></span> <span class='ocrx_word' id='word_1_53' title='bbox 494 1181 552 1253; x_wconf 90' lang='lat' dir='ltr'><strong>alii</strong></span> <span class='ocrx_word' id='word_1_54' title='bbox 565 1181 784 1281; x_wconf 80' lang='lat' dir='ltr'><strong>quicumque:</strong></span> <span class='ocrx_word' id='word_1_55' title='bbox 802 1181 1005 1281; x_wconf 89' lang='lat' dir='ltr'><strong>quandoque</strong></span> <span class='ocrx_word' id='word_1_56' title='bbox 1021 1181 1120 1254; x_wconf 87' lang='lat' dir='ltr'><strong>etiam</strong></span> <span class='ocrx_word' id='word_1_57' title='bbox 1137 1180 1270 1253; x_wconf 88' lang='lat' dir='ltr'><strong>illorum</strong></span> 
     </span>
     <span class='ocr_line' id='line_1_9' title="bbox 165 1296 1272 1396; baseline -0.001 -28"><span class='ocrx_word' id='word_1_58' title='bbox 165 1296 252 1369; x_wconf 91' lang='lat' dir='ltr'><strong>tituli</strong></span> <span class='ocrx_word' id='word_1_59' title='bbox 277 1296 511 1396; x_wconf 87' lang='lat' dir='ltr'><strong>possessionis·</strong></span> <span class='ocrx_word' id='word_1_60' title='bbox 530 1297 685 1368; x_wconf 89' lang='lat' dir='ltr'><strong>iustiores</strong></span> <span class='ocrx_word' id='word_1_61' title='bbox 710 1312 788 1368; x_wconf 89' lang='lat' dir='ltr'><strong>sunt</strong></span> <span class='ocrx_word' id='word_1_62' title='bbox 811 1322 851 1368; x_wconf 88' lang='lat' dir='ltr'><strong>ac</strong></span> <span class='ocrx_word' id='word_1_63' title='bbox 874 1297 981 1393; x_wconf 79' lang='lat' dir='ltr'><strong>magis</strong></span> <span class='ocrx_word' id='word_1_64' title='bbox 1002 1296 1089 1368; x_wconf 88' lang='lat' dir='ltr'><strong>firmi</strong></span> <span class='ocrx_word' id='word_1_65' title='bbox 1110 1298 1197 1391; x_wconf 75' lang='lat'><strong>(35).</strong></span> <span class='ocrx_word' id='word_1_66' title='bbox 1215 1297 1272 1367; x_wconf 92' lang='lat' dir='ltr'><strong>Ni-</strong></span> 
     </span>
     <span class='ocr_line' id='line_1_10' title="bbox 165 1411 1273 1512; baseline -0.001 -29"><span class='ocrx_word' id='word_1_67' title='bbox 165 1412 352 1486; x_wconf 85' lang='lat' dir='ltr'><strong>hilominus</strong></span> <span class='ocrx_word' id='word_1_68' title='bbox 375 1411 633 1512; x_wconf 88' lang='lat' dir='ltr'><strong>pseudopolitiei</strong></span> <span class='ocrx_word' id='word_1_69' title='bbox 651 1412 695 1483; x_wconf 87' lang='lat' dir='ltr'><strong>ad</strong></span> <span class='ocrx_word' id='word_1_70' title='bbox 712 1437 862 1486; x_wconf 90' lang='lat' dir='ltr'><strong>normam</strong></span> <span class='ocrx_word' id='word_1_71' title='bbox 880 1412 1098 1485; x_wconf 85' lang='lat' dir='ltr'><strong>subversivae</strong></span> <span class='ocrx_word' id='word_1_72' title='bbox 1120 1436 1273 1483; x_wconf 91' lang='lat' dir='ltr'><strong>cummu-</strong></span> 
     </span>
     <span class='ocr_line' id='line_1_11' title="bbox 165 1516 1270 1626; baseline 0.001 -29"><span class='ocrx_word' id='word_1_73' title='bbox 165 1527 330 1601; x_wconf 86' lang='lat' dir='ltr'><strong>nistarnm</strong></span> <span class='ocrx_word' id='word_1_74' title='bbox 358 1525 509 1599; x_wconf 89' lang='lat' dir='ltr'><strong>theoriae</strong></span> <span class='ocrx_word' id='word_1_75' title='bbox 534 1516 701 1600; x_wconf 53' lang='lat' dir='ltr'><strong>sub&#39;iicto</strong></span> <span class='ocrx_word' id='word_1_76' title='bbox 723 1526 837 1626; x_wconf 89' lang='lat' dir='ltr'><strong>aliquo</strong></span> <span class='ocrx_word' id='word_1_77' title='bbox 862 1527 992 1614; x_wconf 88' lang='lat' dir='ltr'><strong>colore,</strong></span> <span class='ocrx_word' id='word_1_78' title='bbox 1019 1551 1071 1598; x_wconf 80' lang='lat' dir='ltr'><strong>ex.</strong></span> <span class='ocrx_word' id='word_1_79' title='bbox 1098 1552 1148 1622; x_wconf 85' lang='lat' dir='ltr'><strong>gr.</strong></span> <span class='ocrx_word' id='word_1_80' title='bbox 1174 1551 1270 1598; x_wconf 87' lang='lat' dir='ltr'><strong>oeco-</strong></span> 
     </span>
     <span class='ocr_line' id='line_1_12' title="bbox 164 1640 1266 1740; baseline -0.002 -26"><span class='ocrx_word' id='word_1_81' title='bbox 164 1640 297 1714; x_wconf 78' lang='lat' dir='ltr'>nomiae</span> <span class='ocrx_word' id='word_1_82' title='bbox 321 1641 494 1739; x_wconf 89' lang='lat' dir='ltr'><strong>publicae,</strong></span> <span class='ocrx_word' id='word_1_83' title='bbox 516 1668 555 1714; x_wconf 91' lang='lat' dir='ltr'><strong>ae</strong></span> <span class='ocrx_word' id='word_1_84' title='bbox 571 1641 744 1715; x_wconf 90' lang='lat' dir='ltr'><strong>deterioris</strong></span> <span class='ocrx_word' id='word_1_85' title='bbox 765 1640 889 1740; x_wconf 79' lang='lat' dir='ltr'><strong>publici</strong></span> <span class='ocrx_word' id='word_1_86' title='bbox 912 1640 1031 1713; x_wconf 90' lang='lat' dir='ltr'><strong>aerarii</strong></span> <span class='ocrx_word' id='word_1_87' title='bbox 1053 1640 1266 1727; x_wconf 85' lang='lat' dir='ltr'><strong>conditionis,</strong></span> 
     </span>
     <span class='ocr_line' id='line_1_13' title="bbox 164 1746 1354 1855; baseline -0.002 -26"><span class='ocrx_word' id='word_1_88' title='bbox 164 1754 254 1854; x_wconf 85' lang='lat' dir='ltr'><strong>quod</strong></span> <span class='ocrx_word' id='word_1_89' title='bbox 280 1754 415 1852; x_wconf 81' lang='lat' dir='ltr'><strong>ipsimet</strong></span> <span class='ocrx_word' id='word_1_90' title='bbox 440 1754 605 1827; x_wconf 89' lang='lat' dir='ltr'><strong>interdum</strong></span> <span class='ocrx_word' id='word_1_91' title='bbox 632 1755 856 1854; x_wconf 78' lang='lat' dir='ltr'><strong>imprudentia</strong></span> <span class='ocrx_word' id='word_1_92' title='bbox 877 1750 939 1828; x_wconf 83' lang='lat' dir='ltr'><strong>sua</strong></span> <span class='ocrx_word' id='word_1_93' title='bbox 955 1750 1192 1855; x_wconf 89' lang='lat' dir='ltr'><strong>perdiderunt,</strong></span> <span class='ocrx_word' id='word_1_94' title='bbox 1213 1746 1289 1827; x_wconf 84' lang='lat' dir='ltr'><strong>aut</strong></span> <span class='ocrx_word' id='word_1_95' title='bbox 1351 1792 1354 1799; x_wconf 93' lang='lat'><strong>·</strong></span> 
     </span>
     <span class='ocr_line' id='line_1_14' title="bbox 163 1869 1270 1955; baseline 0.001 -14"><span class='ocrx_word' id='word_1_96' title='bbox 163 1869 265 1941; x_wconf 88' lang='lat' dir='ltr'><strong>etiam</strong></span> <span class='ocrx_word' id='word_1_97' title='bbox 283 1869 357 1942; x_wconf 89' lang='lat' dir='ltr'><strong>sine</strong></span> <span class='ocrx_word' id='word_1_98' title='bbox 372 1869 443 1942; x_wconf 94' lang='lat' dir='ltr'><strong>ullo</strong></span> <span class='ocrx_word' id='word_1_99' title='bbox 459 1869 668 1942; x_wconf 89' lang='lat' dir='ltr'><strong>emendicato</strong></span> <span class='ocrx_word' id='word_1_100' title='bbox 686 1869 794 1955; x_wconf 90' lang='lat' dir='ltr'><strong>titulo,</strong></span> <span class='ocrx_word' id='word_1_101' title='bbox 811 1870 900 1943; x_wconf 89' lang='lat' dir='ltr'><strong>bona</strong></span> <span class='ocrx_word' id='word_1_102' title='bbox 916 1870 1144 1943; x_wconf 88' lang='lat' dir='ltr'><strong>ecelesiastica</strong></span> <span class='ocrx_word' id='word_1_103' title='bbox 1157 1869 1270 1942; x_wconf 90' lang='lat' dir='ltr'><strong>subito</strong></span> 
     </span>
     <span class='ocr_line' id='line_1_15' title="bbox 163 1984 1266 2084; baseline 0 -28"><span class='ocrx_word' id='word_1_104' title='bbox 163 1984 381 2072; x_wconf 89' lang='lat' dir='ltr'><strong>adoriuntur,</strong></span> <span class='ocrx_word' id='word_1_105' title='bbox 402 1984 636 2084; x_wconf 76' lang='lat' dir='ltr'><strong>legitimosque</strong></span> <span class='ocrx_word' id='word_1_106' title='bbox 652 1984 804 2057; x_wconf 84' lang='lat' dir='ltr'><strong>dominos</strong></span> <span class='ocrx_word' id='word_1_107' title='bbox 823 2011 843 2057; x_wconf 88' lang='lat' dir='ltr'><strong>a</strong></span> <span class='ocrx_word' id='word_1_108' title='bbox 859 1985 1074 2084; x_wconf 87' lang='lat' dir='ltr'><strong>possessione</strong></span> <span class='ocrx_word' id='word_1_109' title='bbox 1095 1985 1266 2057; x_wconf 90' lang='lat' dir='ltr'><strong>deiiciunt.</strong></span> 
     </span>
     <span class='ocr_line' id='line_1_16' title="bbox 163 2088 1272 2199; baseline 0.001 -30"><span class='ocrx_word' id='word_1_110' title='bbox 163 2100 201 2170; x_wconf 96' lang='lat' dir='ltr'><strong>ld</strong></span> <span class='ocrx_word' id='word_1_111' title='bbox 227 2124 326 2196; x_wconf 83' lang='lat' dir='ltr'><strong>agere</strong></span> <span class='ocrx_word' id='word_1_112' title='bbox 350 2088 546 2199; x_wconf 86' lang='lat' dir='ltr'><strong>praesertim</strong></span> <span class='ocrx_word' id='word_1_113' title='bbox 572 2090 815 2173; x_wconf 84' lang='lat' dir='ltr'><strong>consueverunt</strong></span> <span class='ocrx_word' id='word_1_114' title='bbox 838 2125 914 2172; x_wconf 89' lang='lat' dir='ltr'><strong>eum</strong></span> <span class='ocrx_word' id='word_1_115' title='bbox 940 2098 1106 2194; x_wconf 83' lang='lat' dir='ltr'><strong>religiosis</strong></span> <span class='ocrx_word' id='word_1_116' title='bbox 1132 2098 1272 2170; x_wconf 82' lang='lat' dir='ltr'><strong>familiis</strong></span> 
     </span>
     <span class='ocr_line' id='line_1_17' title="bbox 162 2213 1272 2312; baseline -0.001 -26"><span class='ocrx_word' id='word_1_117' title='bbox 162 2238 201 2286; x_wconf 89' lang='lat' dir='ltr'><strong>ac</strong></span> <span class='ocrx_word' id='word_1_118' title='bbox 224 2214 527 2288; x_wconf 80' lang='lat' dir='ltr'><strong>sanctimonialium</strong></span> <span class='ocrx_word' id='word_1_119' title='bbox 552 2214 721 2301; x_wconf 88' lang='lat' dir='ltr'><strong>coetibus,</strong></span> <span class='ocrx_word' id='word_1_120' title='bbox 749 2239 890 2312; x_wconf 89' lang='lat' dir='ltr'><strong>quorum</strong></span> <span class='ocrx_word' id='word_1_121' title='bbox 915 2214 1002 2286; x_wconf 91' lang='lat' dir='ltr'><strong>bona</strong></span> <span class='ocrx_word' id='word_1_122' title='bbox 1027 2213 1155 2309; x_wconf 89' lang='lat' dir='ltr'><strong>passim</strong></span> <span class='ocrx_word' id='word_1_123' title='bbox 1180 2213 1272 2285; x_wconf 88' lang='lat' dir='ltr'><strong>inva-</strong></span> 
     </span>
     <span class='ocr_line' id='line_1_18' title="bbox 163 2328 1270 2429; baseline 0 -29"><span class='ocrx_word' id='word_1_124' title='bbox 163 2329 265 2416; x_wconf 90' lang='lat' dir='ltr'><strong>dunt,</strong></span> <span class='ocrx_word' id='word_1_125' title='bbox 294 2330 491 2429; x_wconf 83' lang='lat' dir='ltr'><strong>incolasque</strong></span> <span class='ocrx_word' id='word_1_126' title='bbox 515 2356 535 2401; x_wconf 91' lang='lat' dir='ltr'><strong>e</strong></span> <span class='ocrx_word' id='word_1_127' title='bbox 561 2330 704 2428; x_wconf 90' lang='lat' dir='ltr'><strong>propriis</strong></span> <span class='ocrx_word' id='word_1_128' title='bbox 730 2329 909 2402; x_wconf 88' lang='lat' dir='ltr'><strong>domiciliis</strong></span> <span class='ocrx_word' id='word_1_129' title='bbox 935 2328 1074 2427; x_wconf 88' lang='lat' dir='ltr'><strong>turpiter</strong></span> <span class='ocrx_word' id='word_1_130' title='bbox 1098 2343 1131 2400; x_wconf 91' lang='lat' dir='ltr'><strong>et</strong></span> <span class='ocrx_word' id='word_1_131' title='bbox 1155 2328 1270 2401; x_wconf 81' lang='lat' dir='ltr'><strong>crude</strong></span> 
     </span>
     <span class='ocr_line' id='line_1_19' title="bbox 162 2443 1269 2544; baseline 0.004 -31"><span class='ocrx_word' id='word_1_132' title='bbox 162 2443 237 2516; x_wconf 89' lang='lat' dir='ltr'><strong>liter</strong></span> <span class='ocrx_word' id='word_1_133' title='bbox 265 2445 453 2544; x_wconf 83' lang='lat' dir='ltr'><strong>expellunt:</strong></span> <span class='ocrx_word' id='word_1_134' title='bbox 486 2471 597 2544; x_wconf 89' lang='lat' dir='ltr'><strong>neque</strong></span> <span class='ocrx_word' id='word_1_135' title='bbox 623 2471 701 2518; x_wconf 85' lang='lat' dir='ltr'><strong>vero</strong></span> <span class='ocrx_word' id='word_1_136' title='bbox 729 2443 798 2516; x_wconf 91' lang='lat' dir='ltr'><strong>ulla</strong></span> <span class='ocrx_word' id='word_1_137' title='bbox 828 2444 954 2516; x_wconf 89' lang='lat' dir='ltr'><strong>ratione</strong></span> <span class='ocrx_word' id='word_1_138' title='bbox 982 2458 1148 2530; x_wconf 91' lang='lat' dir='ltr'><strong>utuntur,</strong></span> <span class='ocrx_word' id='word_1_139' title='bbox 1177 2444 1269 2543; x_wconf 93' lang='lat' dir='ltr'><strong>quod</strong></span> 
     </span>
     <span class='ocr_line' id='line_1_20' title="bbox 161 2557 1271 2656; baseline 0.002 -27"><span class='ocrx_word' id='word_1_140' title='bbox 161 2557 311 2656; x_wconf 85' lang='lat' dir='ltr'><strong>plurium</strong></span> <span class='ocrx_word' id='word_1_141' title='bbox 335 2558 529 2632; x_wconf 89' lang='lat' dir='ltr'><strong>huiusmodi</strong></span> <span class='ocrx_word' id='word_1_142' title='bbox 553 2559 716 2632; x_wconf 87' lang='lat' dir='ltr'><strong>bonorum</strong></span> <span class='ocrx_word' id='word_1_143' title='bbox 741 2559 835 2656; x_wconf 81' lang='lat' dir='ltr'><strong>origo</strong></span> <span class='ocrx_word' id='word_1_144' title='bbox 856 2585 922 2632; x_wconf 94' lang='lat' dir='ltr'><strong>non</strong></span> <span class='ocrx_word' id='word_1_145' title='bbox 939 2584 958 2629; x_wconf 88' lang='lat' dir='ltr'><strong>e</strong></span> <span class='ocrx_word' id='word_1_146' title='bbox 975 2557 1095 2654; x_wconf 83' lang='lat' dir='ltr'><strong>legati,</strong></span> <span class='ocrx_word' id='word_1_147' title='bbox 1117 2573 1175 2631; x_wconf 90' lang='lat' dir='ltr'><strong>aut</strong></span> <span class='ocrx_word' id='word_1_148' title='bbox 1192 2558 1271 2631; x_wconf 89' lang='lat' dir='ltr'><strong>hae·</strong></span> 
     </span>
     <span class='ocr_line' id='line_1_21' title="bbox 163 2671 1270 2773; baseline 0.002 -28"><span class='ocrx_word' id='word_1_149' title='bbox 163 2671 317 2745; x_wconf 89' lang='lat' dir='ltr'><strong>reditatis</strong></span> <span class='ocrx_word' id='word_1_150' title='bbox 341 2671 437 2747; x_wconf 90' lang='lat' dir='ltr'><strong>titulo</strong></span> <span class='ocrx_word' id='word_1_151' title='bbox 462 2675 642 2773; x_wconf 88' lang='lat' dir='ltr'><strong>repetenda</strong></span> <span class='ocrx_word' id='word_1_152' title='bbox 658 2675 720 2761; x_wconf 89' lang='lat' dir='ltr'><strong>sit,</strong></span> <span class='ocrx_word' id='word_1_153' title='bbox 741 2675 801 2749; x_wconf 90' lang='lat' dir='ltr'><strong>sed</strong></span> <span class='ocrx_word' id='word_1_154' title='bbox 818 2700 858 2747; x_wconf 79' lang='lat' dir='ltr'><strong>ex</strong></span> <span class='ocrx_word' id='word_1_155' title='bbox 875 2672 970 2747; x_wconf 89' lang='lat' dir='ltr'><strong>titulo</strong></span> <span class='ocrx_word' id='word_1_156' title='bbox 992 2672 1170 2772; x_wconf 88' lang='lat' dir='ltr'><strong>emptionis</strong></span> <span class='ocrx_word' id='word_1_157' title='bbox 1192 2701 1270 2748; x_wconf 89' lang='lat' dir='ltr'><strong>aere</strong></span> 
     </span>
     <span class='ocr_line' id='line_1_22' title="bbox 162 2787 1269 2886; baseline 0.003 -28"><span class='ocrx_word' id='word_1_158' title='bbox 162 2787 317 2886; x_wconf 88' lang='lat' dir='ltr'><strong>proprio,</strong></span> <span class='ocrx_word' id='word_1_159' title='bbox 346 2803 402 2860; x_wconf 90' lang='lat' dir='ltr'><strong>aut</strong></span> <span class='ocrx_word' id='word_1_160' title='bbox 427 2813 467 2859; x_wconf 87' lang='lat' dir='ltr'><strong>ex</strong></span> <span class='ocrx_word' id='word_1_161' title='bbox 492 2787 587 2861; x_wconf 91' lang='lat' dir='ltr'><strong>titulo</strong></span> <span class='ocrx_word' id='word_1_162' title='bbox 616 2789 805 2863; x_wconf 86' lang='lat' dir='ltr'><strong>donationis</strong></span> <span class='ocrx_word' id='word_1_163' title='bbox 833 2788 1002 2875; x_wconf 86' lang='lat' dir='ltr'><strong>alicuius,</strong></span> <span class='ocrx_word' id='word_1_164' title='bbox 1031 2789 1089 2886; x_wconf 93' lang='lat' dir='ltr'><strong>qui</strong></span> <span class='ocrx_word' id='word_1_165' title='bbox 1116 2788 1269 2886; x_wconf 83' lang='lat' dir='ltr'><strong>religioni</strong></span> 
     </span>
     <span class='ocr_line' id='line_1_23' title="bbox 163 2888 1269 3000; baseline 0.001 -30"><span class='ocrx_word' id='word_1_166' title='bbox 163 2925 288 2973; x_wconf 88' lang='lat' dir='ltr'><strong>nomen</strong></span> <span class='ocrx_word' id='word_1_167' title='bbox 314 2898 431 2984; x_wconf 89' lang='lat' dir='ltr'><strong>dedit,</strong></span> <span class='ocrx_word' id='word_1_168' title='bbox 467 2901 647 3000; x_wconf 87' lang='lat' dir='ltr'><strong>antequam</strong></span> <span class='ocrx_word' id='word_1_169' title='bbox 670 2917 747 2975; x_wconf 84' lang='lat' dir='ltr'><strong>vota</strong></span> <span class='ocrx_word' id='word_1_170' title='bbox 772 2928 836 2975; x_wconf 92' lang='lat' dir='ltr'><strong>sua</strong></span> <span class='ocrx_word' id='word_1_171' title='bbox 859 2917 1087 3000; x_wconf 90' lang='lat' dir='ltr'><strong>nuncuparet,</strong></span> <span class='ocrx_word' id='word_1_172' title='bbox 1114 2927 1154 2974; x_wconf 89' lang='lat' dir='ltr'><strong>ac</strong></span> <span class='ocrx_word' id='word_1_173' title='bbox 1179 2888 1269 2974; x_wconf 91' lang='lat' dir='ltr'><strong>omni</strong></span> 
     </span>
     <span class='ocr_line' id='line_1_24' title="bbox 160 3013 1270 3115; baseline -0.001 -27"><span class='ocrx_word' id='word_1_174' title='bbox 160 3013 365 3113; x_wconf 82' lang='lat' dir='ltr'><strong>proprietate</strong></span> <span class='ocrx_word' id='word_1_175' title='bbox 381 3041 459 3088; x_wconf 87' lang='lat' dir='ltr'><strong>sese</strong></span> <span class='ocrx_word' id='word_1_176' title='bbox 475 3016 656 3089; x_wconf 86' lang='lat' dir='ltr'><strong>abdicaret.</strong></span> <span class='ocrx_word' id='word_1_177' title='bbox 678 3017 766 3113; x_wconf 80' lang='lat' dir='ltr'><strong>Ergo</strong></span> <span class='ocrx_word' id='word_1_178' title='bbox 783 3016 947 3090; x_wconf 89' lang='lat' dir='ltr'><strong>eiusmodi</strong></span> <span class='ocrx_word' id='word_1_179' title='bbox 965 3015 1204 3115; x_wconf 87' lang='lat' dir='ltr'><strong>expoliationes</strong></span> <span class='ocrx_word' id='word_1_180' title='bbox 1221 3017 1270 3087; x_wconf 92' lang='lat' dir='ltr'><strong>in·</strong></span> 
     </span>
     <span class='ocr_line' id='line_1_25' title="bbox 160 3129 1265 3230; baseline 0.005 -31"><span class='ocrx_word' id='word_1_181' title='bbox 160 3129 271 3202; x_wconf 80' lang='lat' dir='ltr'><strong>iustae</strong></span> <span class='ocrx_word' id='word_1_182' title='bbox 287 3144 386 3217; x_wconf 86' lang='lat' dir='ltr'><strong>sunt,</strong></span> <span class='ocrx_word' id='word_1_183' title='bbox 408 3129 562 3230; x_wconf 91' lang='lat' dir='ltr'><strong>iniquae,</strong></span> <span class='ocrx_word' id='word_1_184' title='bbox 584 3156 623 3202; x_wconf 92' lang='lat' dir='ltr'><strong>ac</strong></span> <span class='ocrx_word' id='word_1_185' title='bbox 639 3156 720 3204; x_wconf 83' lang='lat' dir='ltr'><strong>vera</strong></span> <span class='ocrx_word' id='word_1_186' title='bbox 736 3131 911 3204; x_wconf 88' lang='lat' dir='ltr'><strong>latrocinia</strong></span> <span class='ocrx_word' id='word_1_187' title='bbox 928 3129 1062 3228; x_wconf 90' lang='lat' dir='ltr'><strong>publica</strong></span> <span class='ocrx_word' id='word_1_188' title='bbox 1075 3157 1114 3203; x_wconf 91' lang='lat' dir='ltr'><strong>ac</strong></span> <span class='ocrx_word' id='word_1_189' title='bbox 1127 3130 1265 3229; x_wconf 79' lang='lat' dir='ltr'><strong>legalia3</strong></span> 
     </span>
     <span class='ocr_line' id='line_1_26' title="bbox 160 3246 1269 3345; baseline 0.003 -29"><span class='ocrx_word' id='word_1_190' title='bbox 160 3259 243 3316; x_wconf 90' lang='lat' dir='ltr'><strong>sunt</strong></span> <span class='ocrx_word' id='word_1_191' title='bbox 261 3269 383 3342; x_wconf 88' lang='lat' dir='ltr'><strong>nempe</strong></span> <span class='ocrx_word' id='word_1_192' title='bbox 404 3247 669 3320; x_wconf 80' lang='lat' dir='ltr'><strong>communiamus</strong></span> <span class='ocrx_word' id='word_1_193' title='bbox 694 3248 729 3317; x_wconf 92' lang='lat' dir='ltr'><strong>in</strong></span> <span class='ocrx_word' id='word_1_194' title='bbox 754 3246 883 3345; x_wconf 85' lang='lat' dir='ltr'><strong>praxim</strong></span> <span class='ocrx_word' id='word_1_195' title='bbox 909 3247 1086 3320; x_wconf 86' lang='lat' dir='ltr'><strong>deductus.</strong></span> <span class='ocrx_word' id='word_1_196' title='bbox 1102 3249 1203 3320; x_wconf 89' lang='lat' dir='ltr'><strong>Porro</strong></span> <span class='ocrx_word' id='word_1_197' title='bbox 1220 3247 1269 3321; x_wconf 89' lang='lat' dir='ltr'><strong>ei-</strong></span> 
     </span>
     <span class='ocr_line' id='line_1_27' title="bbox 159 3357 1269 3461; baseline 0.005 -31"><span class='ocrx_word' id='word_1_198' title='bbox 159 3382 219 3431; x_wconf 79' lang='lat' dir='ltr'><strong>res</strong></span> <span class='ocrx_word' id='word_1_199' title='bbox 236 3382 277 3431; x_wconf 85' lang='lat' dir='ltr'><strong>ac</strong></span> <span class='ocrx_word' id='word_1_200' title='bbox 294 3357 410 3431; x_wconf 89' lang='lat' dir='ltr'><strong>iulima</strong></span> <span class='ocrx_word' id='word_1_201' title='bbox 435 3359 549 3457; x_wconf 92' lang='lat' dir='ltr'><strong>plebs,</strong></span> <span class='ocrx_word' id='word_1_202' title='bbox 577 3361 702 3460; x_wconf 90' lang='lat' dir='ltr'><strong>quibus</strong></span> <span class='ocrx_word' id='word_1_203' title='bbox 727 3361 812 3435; x_wconf 89' lang='lat' dir='ltr'><strong>haec</strong></span> <span class='ocrx_word' id='word_1_204' title='bbox 836 3377 1005 3461; x_wconf 87' lang='lat' dir='ltr'><strong>comperta</strong></span> <span class='ocrx_word' id='word_1_205' title='bbox 1023 3378 1118 3450; x_wconf 90' lang='lat' dir='ltr'><strong>sunt,</strong></span> <span class='ocrx_word' id='word_1_206' title='bbox 1139 3388 1201 3435; x_wconf 90' lang='lat' dir='ltr'><strong>nec</strong></span> <span class='ocrx_word' id='word_1_207' title='bbox 1216 3363 1269 3436; x_wconf 91' lang='lat' dir='ltr'><strong>lo·</strong></span> 
     </span>
     <span class='ocr_line' id='line_1_28' title="bbox 158 3471 1269 3577; baseline 0.005 -30"><span class='ocrx_word' id='word_1_208' title='bbox 158 3471 237 3568; x_wconf 77' lang='lat' dir='ltr'><strong>gisa</strong></span> <span class='ocrx_word' id='word_1_209' title='bbox 256 3471 427 3561; x_wconf 86' lang='lat' dir='ltr'><strong>destituti,</strong></span> <span class='ocrx_word' id='word_1_210' title='bbox 457 3500 497 3547; x_wconf 89' lang='lat' dir='ltr'><strong>ea</strong></span> <span class='ocrx_word' id='word_1_211' title='bbox 520 3491 707 3574; x_wconf 89' lang='lat' dir='ltr'><strong>opportuno</strong></span> <span class='ocrx_word' id='word_1_212' title='bbox 731 3492 881 3576; x_wconf 91' lang='lat' dir='ltr'><strong>tempore</strong></span> <span class='ocrx_word' id='word_1_213' title='bbox 902 3476 937 3548; x_wconf 92' lang='lat' dir='ltr'><strong>in</strong></span> <span class='ocrx_word' id='word_1_214' title='bbox 958 3477 1051 3576; x_wconf 91' lang='lat' dir='ltr'><strong>ipsos</strong></span> <span class='ocrx_word' id='word_1_215' title='bbox 1076 3477 1269 3577; x_wconf 90' lang='lat' dir='ltr'><strong>pseudopo-</strong></span> 
     </span>
     <span class='ocr_line' id='line_1_29' title="bbox 159 3585 1271 3694; baseline 0.006 -37"><span class='ocrx_word' id='word_1_216' title='bbox 159 3585 273 3662; x_wconf 89' lang='lat' dir='ltr'><strong>liticos</strong></span> <span class='ocrx_word' id='word_1_217' title='bbox 287 3602 434 3676; x_wconf 71' lang='lat' dir='ltr'><strong>rement,</strong></span> <span class='ocrx_word' id='word_1_218' title='bbox 453 3605 555 3690; x_wconf 86' lang='lat' dir='ltr'><strong>atque</strong></span> <span class='ocrx_word' id='word_1_219' title='bbox 571 3615 648 3663; x_wconf 91' lang='lat' dir='ltr'><strong>cum</strong></span> <span class='ocrx_word' id='word_1_220' title='bbox 664 3591 750 3692; x_wconf 90' lang='lat' dir='ltr'><strong>ipsis</strong></span> <span class='ocrx_word' id='word_1_221' title='bbox 767 3591 910 3693; x_wconf 86' lang='lat' dir='ltr'><strong>physica</strong></span> <span class='ocrx_word' id='word_1_222' title='bbox 927 3593 981 3665; x_wconf 84' lang='lat' dir='ltr'><strong>vis</strong></span> <span class='ocrx_word' id='word_1_223' title='bbox 1003 3609 1177 3694; x_wconf 89' lang='lat' dir='ltr'><strong>suppetat,</strong></span> <span class='ocrx_word' id='word_1_224' title='bbox 1198 3595 1271 3692; x_wconf 75' lang='lat' dir='ltr'><strong>agi-v</strong></span> 
     </span>
     <span class='ocr_line' id='line_1_30' title="bbox 232 3761 1264 3835; baseline 0.004 -21"><span class='ocrx_word' id='word_1_225' title='bbox 232 3761 284 3826; x_wconf 76' lang='lat'><strong>(³5)</strong></span> <span class='ocrx_word' id='word_1_226' title='bbox 297 3763 386 3828; x_wconf 80' lang='lat' dir='ltr'><strong>Reipsa</strong></span> <span class='ocrx_word' id='word_1_227' title='bbox 392 3767 550 3818; x_wconf 83' lang='lat' dir='ltr'><strong>auctercerte</strong></span> <span class='ocrx_word' id='word_1_228' title='bbox 559 3779 609 3817; x_wconf 90' lang='lat' dir='ltr'><strong>non</strong></span> <span class='ocrx_word' id='word_1_229' title='bbox 619 3769 745 3831; x_wconf 82' lang='lat' dir='ltr'><strong>suspectus</strong></span> <span class='ocrx_word' id='word_1_230' title='bbox 757 3771 786 3818; x_wconf 87' lang='lat' dir='ltr'><strong>D.</strong></span> <span class='ocrx_word' id='word_1_231' title='bbox 798 3769 867 3820; x_wconf 81' lang='lat' dir='ltr'><strong>Tiora</strong></span> <span class='ocrx_word' id='word_1_232' title='bbox 876 3770 903 3820; x_wconf 93' lang='lat' dir='ltr'><strong>in</strong></span> <span class='ocrx_word' id='word_1_233' title='bbox 913 3783 954 3834; x_wconf 91' lang='lat' dir='ltr'><strong>op.</strong></span> <span class='ocrx_word' id='word_1_234' title='bbox 965 3772 1002 3820; x_wconf 82' lang='lat' dir='ltr'><strong>De</strong></span> <span class='ocrx_word' id='word_1_235' title='bbox 1014 3769 1182 3835; x_wconf 74' lang='lat' dir='ltr'><strong>leproprtete</strong></span> <span class='ocrx_word' id='word_1_236' title='bbox 1193 3770 1264 3820; x_wconf 71' lang='grc' dir='ltr'><strong>ιιιι.</strong></span> 
     </span>
     <span class='ocr_line' id='line_1_31' title="bbox 157 3841 1264 3913; baseline 0.006 -22"><span class='ocrx_word' id='word_1_237' title='bbox 157 3841 199 3891; x_wconf 87' lang='lat' dir='ltr'><strong>eir.</strong></span> <span class='ocrx_word' id='word_1_238' title='bbox 211 3842 243 3892; x_wconf 78' lang='lat' dir='ltr'><strong>V.</strong></span> <span class='ocrx_word' id='word_1_239' title='bbox 253 3844 310 3893; x_wconf 83' lang='lat' dir='ltr'><strong>vil.</strong></span> <span class='ocrx_word' id='word_1_240' title='bbox 320 3846 386 3894; x_wconf 81' lang='lat' dir='ltr'><strong>viil.</strong></span> <span class='ocrx_word' id='word_1_241' title='bbox 399 3847 511 3909; x_wconf 76' lang='lat' dir='ltr'><strong>agnoscit</strong></span> <span class='ocrx_word' id='word_1_242' title='bbox 525 3847 650 3911; x_wconf 85' lang='lat' dir='ltr'><strong>laborem,</strong></span> <span class='ocrx_word' id='word_1_243' title='bbox 667 3847 811 3900; x_wconf 81' lang='lat' dir='ltr'><strong>donationes</strong></span> <span class='ocrx_word' id='word_1_244' title='bbox 829 3851 855 3899; x_wconf 86' lang='lat' dir='ltr'><strong>et</strong></span> <span class='ocrx_word' id='word_1_245' title='bbox 868 3850 1014 3901; x_wconf 61' lang='lat' dir='ltr'><strong>tammonis</strong></span> <span class='ocrx_word' id='word_1_246' title='bbox 1034 3853 1160 3913; x_wconf 72' lang='lat' dir='ltr'><strong>anquam</strong></span> <span class='ocrx_word' id='word_1_247' title='bbox 1177 3849 1264 3899; x_wconf 86' lang='lat' dir='ltr'><strong>titulos</strong></span> 
     </span>
     <span class='ocr_line' id='line_1_32' title="bbox 158 3921 1267 3992; baseline 0.005 -19"><span class='ocrx_word' id='word_1_248' title='bbox 158 3921 239 3985; x_wconf 56' lang='lat' dir='ltr'><strong>mods</strong></span> <span class='ocrx_word' id='word_1_249' title='bbox 251 3923 377 3975; x_wconf 82' lang='lat' dir='ltr'><strong>mturaies</strong></span> <span class='ocrx_word' id='word_1_250' title='bbox 393 3938 423 3975; x_wconf 83' lang='lat' dir='ltr'><strong>ue</strong></span> <span class='ocrx_word' id='word_1_251' title='bbox 438 3925 552 3978; x_wconf 85' lang='lat' dir='ltr'><strong>indubios</strong></span> <span class='ocrx_word' id='word_1_252' title='bbox 564 3927 726 3992; x_wconf 78' lang='lat' dir='ltr'><strong>proprietatis.</strong></span> <span class='ocrx_word' id='word_1_253' title='bbox 743 3929 781 3980; x_wconf 87' lang='grc' dir='ltr'><strong>(ιι.</strong></span> <span class='ocrx_word' id='word_1_254' title='bbox 792 3942 851 3979; x_wconf 86' lang='lat' dir='ltr'><strong>vero</strong></span> <span class='ocrx_word' id='word_1_255' title='bbox 867 3931 958 3981; x_wconf 80' lang='lat' dir='ltr'><strong>Hurter</strong></span> <span class='ocrx_word' id='word_1_256' title='bbox 968 3943 1025 3980; x_wconf 89' lang='lat' dir='ltr'><strong>eum</strong></span> <span class='ocrx_word' id='word_1_257' title='bbox 1036 3930 1118 3980; x_wconf 84' lang='lat' dir='ltr'><strong>adhoc</strong></span> <span class='ocrx_word' id='word_1_258' title='bbox 1133 3930 1196 3979; x_wconf 84' lang='lat' dir='ltr'><strong>esset</strong></span> <span class='ocrx_word' id='word_1_259' title='bbox 1211 3941 1267 3992; x_wconf 83' lang='lat' dir='ltr'><strong>pro</strong></span> 
     </span>
     <span class='ocr_line' id='line_1_33' title="bbox 156 4001 1268 4073; baseline 0.007 -23"><span class='ocrx_word' id='word_1_260' title='bbox 156 4002 251 4051; x_wconf 67' lang='lat' dir='ltr'><strong>metam</strong></span> <span class='ocrx_word' id='word_1_261' title='bbox 268 4001 295 4052; x_wconf 88' lang='lat' dir='ltr'><strong>in</strong></span> <span class='ocrx_word' id='word_1_262' title='bbox 313 4016 359 4054; x_wconf 87' lang='lat' dir='ltr'><strong>suo</strong></span> <span class='ocrx_word' id='word_1_263' title='bbox 374 4004 489 4056; x_wconf 69' lang='lat' dir='ltr'><strong>raiaco</strong></span> <span class='ocrx_word' id='word_1_264' title='bbox 504 4004 549 4056; x_wconf 80' lang='lat' dir='ltr'><strong>des</strong></span> <span class='ocrx_word' id='word_1_265' title='bbox 564 4009 729 4058; x_wconf 76' lang='lat' dir='ltr'><strong>institutione</strong></span> <span class='ocrx_word' id='word_1_266' title='bbox 743 4006 781 4059; x_wconf 82' lang='lat' dir='ltr'><strong>du</strong></span> <span class='ocrx_word' id='word_1_267' title='bbox 795 4021 885 4073; x_wconf 76' lang='lat' dir='ltr'><strong>tropea</strong></span> <span class='ocrx_word' id='word_1_268' title='bbox 903 4009 952 4073; x_wconf 77' lang='lat' dir='ltr'><strong>dpe</strong></span> <span class='ocrx_word' id='word_1_269' title='bbox 965 4011 1026 4060; x_wconf 89' lang='lat' dir='ltr'><strong>torn.</strong></span> <span class='ocrx_word' id='word_1_270' title='bbox 1037 4011 1070 4060; x_wconf 91' lang='grc' dir='ltr'><strong>ιι.</strong></span> <span class='ocrx_word' id='word_1_271' title='bbox 1080 4010 1119 4060; x_wconf 85' lang='grc' dir='ltr'><strong>οι.</strong></span> <span class='ocrx_word' id='word_1_272' title='bbox 1130 4011 1185 4058; x_wconf 82' lang='lat' dir='ltr'><strong>vlt.</strong></span> <span class='ocrx_word' id='word_1_273' title='bbox 1200 4007 1268 4072; x_wconf 89' lang='lat' dir='ltr'><strong>quod</strong></span> 
     </span>
     <span class='ocr_line' id='line_1_34' title="bbox 157 4079 1266 4152; baseline 0.007 -22"><span class='ocrx_word' id='word_1_274' title='bbox 157 4079 356 4134; x_wconf 67' lang='grc' dir='ltr'><strong>ῐιιιοοιιιιιιιιιοι</strong></span> <span class='ocrx_word' id='word_1_275' title='bbox 366 4088 491 4136; x_wconf 73' lang='lat' dir='ltr'><strong>moena</strong></span> <span class='ocrx_word' id='word_1_276' title='bbox 502 4085 555 4137; x_wconf 77' lang='lat' dir='ltr'><strong>mse</strong></span> <span class='ocrx_word' id='word_1_277' title='bbox 565 4086 673 4136; x_wconf 79' lang='lat' dir='ltr'><strong>ostendit</strong></span> <span class='ocrx_word' id='word_1_278' title='bbox 681 4087 816 4138; x_wconf 87' lang='lat' dir='ltr'><strong>innumeris</strong></span> <span class='ocrx_word' id='word_1_279' title='bbox 825 4101 900 4152; x_wconf 90' lang='lat' dir='ltr'><strong>prope</strong></span> <span class='ocrx_word' id='word_1_280' title='bbox 911 4088 1064 4139; x_wconf 85' lang='lat' dir='ltr'><strong>documentis</strong></span> <span class='ocrx_word' id='word_1_281' title='bbox 1075 4087 1192 4138; x_wconf 85' lang='lat' dir='ltr'><strong>iustitiam</strong></span> <span class='ocrx_word' id='word_1_282' title='bbox 1203 4087 1266 4138; x_wconf 82' lang='lat' dir='ltr'><strong>eius·</strong></span> 
     </span>
     <span class='ocr_line' id='line_1_35' title="bbox 157 4159 1265 4232; baseline 0.005 -20"><span class='ocrx_word' id='word_1_283' title='bbox 157 4159 228 4211; x_wconf 81' lang='lat' dir='ltr'><strong>noni</strong></span> <span class='ocrx_word' id='word_1_284' title='bbox 237 4160 393 4214; x_wconf 79' lang='lat' dir='ltr'><strong>diversorum</strong></span> <span class='ocrx_word' id='word_1_285' title='bbox 406 4164 536 4215; x_wconf 75' lang='lat' dir='ltr'><strong>titirlorom</strong></span> <span class='ocrx_word' id='word_1_286' title='bbox 549 4166 704 4230; x_wconf 82' lang='lat' dir='ltr'><strong>proprietatis</strong></span> <span class='ocrx_word' id='word_1_287' title='bbox 717 4167 865 4218; x_wconf 75' lang='lat' dir='ltr'><strong>familiarum</strong></span> <span class='ocrx_word' id='word_1_288' title='bbox 875 4167 1058 4232; x_wconf 78' lang='lat' dir='ltr'><strong>religiosarum,</strong></span> <span class='ocrx_word' id='word_1_289' title='bbox 1069 4180 1115 4218; x_wconf 88' lang='lat' dir='ltr'><strong>nec</strong></span> <span class='ocrx_word' id='word_1_290' title='bbox 1124 4180 1174 4218; x_wconf 88' lang='lat' dir='ltr'><strong>non</strong></span> <span class='ocrx_word' id='word_1_291' title='bbox 1184 4166 1265 4218; x_wconf 81' lang='lat' dir='ltr'><strong>oitieie</strong></span> 
     </span>
    </p>
   </div>
   <div class='ocr_carea' id='block_1_3' title="bbox 156 4236 1263 4391">
    <p class='ocr_par' dir='ltr' id='par_1_3' title="bbox 156 4236 1263 4391">
     <span class='ocr_line' id='line_1_36' title="bbox 156 4236 1263 4313; baseline 0.005 -21"><span class='ocrx_word' id='word_1_292' title='bbox 156 4236 276 4303; x_wconf 69' lang='lat' dir='ltr'><strong>poene</strong></span> <span class='ocrx_word' id='word_1_293' title='bbox 288 4243 387 4307; x_wconf 78' lang='lat' dir='ltr'><strong>perires</strong></span> <span class='ocrx_word' id='word_1_294' title='bbox 397 4244 562 4296; x_wconf 82' lang='lat' dir='ltr'><strong>institutiones</strong></span> <span class='ocrx_word' id='word_1_295' title='bbox 581 4245 759 4310; x_wconf 78' lang='lat' dir='ltr'><strong>agdeolturae,</strong></span> <span class='ocrx_word' id='word_1_296' title='bbox 771 4248 922 4312; x_wconf 82' lang='lat' dir='ltr'><strong>industriae,</strong></span> <span class='ocrx_word' id='word_1_297' title='bbox 937 4248 1091 4310; x_wconf 84' lang='lat' dir='ltr'><strong>educationi,</strong></span> <span class='ocrx_word' id='word_1_298' title='bbox 1103 4247 1204 4313; x_wconf 81' lang='lat' dir='ltr'><strong>litteris,</strong></span> <span class='ocrx_word' id='word_1_299' title='bbox 1221 4247 1263 4298; x_wconf 88' lang='lat' dir='ltr'><strong>bo·</strong></span> 
     </span>
     <span class='ocr_line' id='line_1_37' title="bbox 158 4320 1163 4391; baseline 0.009 -22"><span class='ocrx_word' id='word_1_300' title='bbox 158 4320 198 4371; x_wconf 81' lang='lat' dir='ltr'><strong>ris</strong></span> <span class='ocrx_word' id='word_1_301' title='bbox 208 4321 319 4387; x_wconf 77' lang='lat' dir='ltr'><strong>artibus,</strong></span> <span class='ocrx_word' id='word_1_302' title='bbox 333 4335 362 4375; x_wconf 80' lang='lat' dir='ltr'><strong>oc</strong></span> <span class='ocrx_word' id='word_1_303' title='bbox 374 4323 487 4376; x_wconf 76' lang='lat' dir='ltr'><strong>salamini</strong></span> <span class='ocrx_word' id='word_1_304' title='bbox 499 4325 652 4378; x_wconf 81' lang='lat' dir='ltr'><strong>miseriarum</strong></span> <span class='ocrx_word' id='word_1_305' title='bbox 662 4326 752 4390; x_wconf 84' lang='lat' dir='ltr'><strong>quibus</strong></span> <span class='ocrx_word' id='word_1_306' title='bbox 762 4326 879 4391; x_wconf 80' lang='lat' dir='ltr'><strong>affligitur</strong></span> <span class='ocrx_word' id='word_1_307' title='bbox 887 4327 1026 4380; x_wconf 82' lang='lat' dir='ltr'><strong>hamanitas</strong></span> <span class='ocrx_word' id='word_1_308' title='bbox 1036 4326 1134 4380; x_wconf 77' lang='lat' dir='ltr'><strong>sociate</strong></span> <span class='ocrx_word' id='word_1_309' title='bbox 1160 4347 1163 4354; x_wconf 91' lang='lat'>·</span> 
     </span>
    </p>
   </div>
   <div class='ocr_carea' id='block_1_4' title="bbox 0 0 1440 5062">
    <p class='ocr_par' dir='ltr' id='par_1_4' title="bbox 0 0 1440 5062">
     <span class='ocr_line' id='line_1_38' title="bbox 0 0 1440 5062; baseline 0 2"><span class='ocrx_word' id='word_1_310' title='bbox 0 0 1440 5062; x_wconf 95' lang='lat' dir='ltr'><strong> </strong></span> 
     </span>
    </p>
   </div>
  </div>
 </body>
</html>
