2872 5062
329 381 396 434 ιιι.
419 383 454 432 ιι.
476 382 515 432 ιιι
540 369 697 434 ιιιιιιιιιιο.
719 383 789 432 ιιι.
806 376 834 432 ι.Ι
851 381 979 442 ousrsr.
1001 383 1105 436 onroo.
1226 362 1271 436 57

159 515 303 610 usurpat
326 527 431 598 agens
457 501 499 573 de
524 484 733 574 sacramento
752 502 967 575 matrimonii.
992 504 1042 574 De
1064 502 1274 578 invocatione

158 619 247 691 enim
269 643 358 716 quae
377 616 415 688 fit
430 616 465 687 in
482 615 659 722 collatione
679 616 841 723 baptismi
866 617 998 690 scribit:
1023 619 1101 690 «Ex
1118 617 1190 692 solo
1202 620 1273 692 Deo

158 733 290 820 datore,
312 732 371 832 qui
389 731 563 805 invocatus
584 732 627 804 ad
645 731 840 821 hoesden,
860 750 893 807 et
909 733 1054 822 assistit,
1075 750 1105 806 et
1122 751 1274 832 operatur

157 850 285 919 intus..
301 834 410 946 ‚quod
436 872 524 945 aqua
548 846 650 918 habet
674 847 805 945 operari
831 847 992 935 exterius3
1001 878 1017 918 ι)
1030 863 1063 921 et
1085 848 1128 921 de
1152 849 1275 922 confir

158 963 305 1037 mationa
323 962 458 1035 scribit:
479 962 637 1048 «Quod
627 963 793 1037 mvooatio
812 963 917 1038 divini
934 965 1106 1052 Numinis,
1133 990 1194 1038 scu
1214 964 1275 1037 ba-

158 1077 319 1164 nedictio,
334 1093 492 1175 operatur
505 1079 619 1175 ipsum
634 1077 758 1150 robur»
774 1094 807 1153 et
823 1077 866 1150 de
884 1065 1106 1152 eucharistia:
1130 1079 1201 1152 «Ut
1216 1103 1274 1152 ve-

157 1217 233 1278 rus,
263 1191 396 1300 inquit,
426 1217 466 1264 ac
489 1190 644 1265 vivificus
669 1192 787 1291 panis,
799 1193 874 1291 qui
898 1191 941 1264 de
961 1192 1057 1266 caelo
1079 1192 1269 1279 descendit,

156 1294 330 1392 adveniat,
358 1293 476 1378 eadem
500 1305 708 1392 benedictio,
733 1322 766 1379 ct
788 1334 828 1380 ex
853 1306 970 1380 eodem
986 1308 1087 1406 fucit,-
1093 1306 1272 1406 »idipsum

157 1420 283 1519 pariter
309 1420 391 1494 dicit
415 1419 557 1519 loquens
575 1420 619 1494 da
635 1421 834 1494 remissione
858 1437 1067 1534 peccatorum
1087 1448 1147 1520 pcr
1170 1421 1273 1494 bene-

157 1535 339 1610 dictionem
365 1551 399 1609 et
423 1535 667 1610 absolutionem
692 1537 876 1610 sacerdotis
897 1527 1021 1611 utendo
1037 1535 1274 1611 eodem-verbo

159 1652 259 1750 [coin
283 1650 334 1724 sic
352 1650 453 1730 etiam
477 1642 529 1724 de*
544 1677 641 1724 sacra
661 1643 884 1725 ordinatione:
909 1681 925 1720 α
942 1652 984 1723 Ut
999 1651 1123 1749 gratia,
1144 1651 1269 1749 inquit,

159 1758 435 1838 sanctificationis
462 1781 496 1837 et
519 1765 614 1838 sacri¹
629 1765 804 1838 ministerii
824 1765 906 1839 ordo
923 1766 960 1838 in·
974 1791 1032 1839 eos
1053 1765 1271 1861 (ordinatos)

158 1879 288 1967 veniat,
300 1872 505 1978 episcopalis
522 1905 644 1954 manus
662 1881 832 1980 impositio
841 1896 874 1953 et
881 1880 1069 1954 benedictio
1082 1895 1272 1979 operatur.»

159 1992 283 2067 Contra
298 2019 379 2068 vero
396 1993 439 2066 da
455 1993 688 2067 benedictione
705 1995 848 2094 nuptiali
866 1995 983 2068 scribit
998 2017 1072 2068 eam
1084 1996 1269 2095 impetrare,

158 2122 192 2181 et
216 2107 354 2207 quidem
378 2108 553 2207 personis,
575 2135 635 2181 seu
653 2104 844 2207 coitiupibus
862 2104 1004 2206 gratiam
1022 2124 1054 2181 et
1069 2108 1274 2182 benedictio-

158 2248 249 2296 nem.
274 2223 393 2296 Verum
420 2224 557 2324 quidem
582 2242 635 2298 est
658 2219 775 2298 eadem
801 2226 913 2323 ipsum
937 2249 1018 2297 voce
1042 2225 1109 2311 nti,
1131 2248 1207 2296 cum
1227 2223 1273 2296 lo

157 2339 273 2439 quitur
295 2338 568 2413 desacramento
594 2355 759 2412 extremae
782 2338 967 2427 unctionis,
989 2338 1125 2411 dicens:
1142 2338 1225 2410 «Sic
1240 2352 1274 2411 et

157 2471 338 2528 extremam
362 2450 553 2530 unctionem
580 2449 819 2554 recipientibus
851 2455 958 2528 oratio
992 2453 1209 2528 sacerdotalis
1240 2468 1275 2526 et

159 2564 360 2645 benedictio-
374 2571 608 2648 remissionem
633 2573 785 2670 impetrat
809 2585 1019 2670 peccatorum
1041 2581 1075 2643 et
1098 2592 1274 2668 corporum
1396 2590 1398 2594 ·

159 2688 370 2761 sanctitatem
405 2685 515 2782 (forte
539 2687 776 2781 sani-tutem).»
797 2685 859 2759 Ast
886 2680 980 2759 ratio*
1001 2701 1070 2772 est,
1098 2684 1179 2783 quia
1209 2683 1274 2757 boc
1392 2745 1394 2748 Α

159 2818 406 2875 sacramentum
431 2818 563 2901 practer
586 2818 799 2900 peecatorum
824 2802 1055 2874 remissionem
1084 2814 1118 2873 et
1143 2794 1274 2873 animae
1338 2822 1340 2826 ·

160 2910 471 3004 sanctificationem,
492 2916 664 2990 consuevit
686 2916 854 2989 interdum
879 2915 1030 2988 conferre
1053 2914 1201 3012 corporis
1219 2940 1275 2986 sa-

159 3031 430 3130 nitatem,²quae
455 3032 498 3104 ab
523 3032 673 3106 oratione
694 3047 726 3104 et
749 3031 984 3104 benedictione
1005 3028 1188 3106 sacerdotis
1205 3052 1273 3100 non

126 3178 130 3185 ’
158 3172 277 3247 parum
303 3147 482 3247 dependet.
505 3147 658 3220 Ceterum
677 3148 720 3220 de
742 3136 1086 3244 germanaGuilielmi
1107 3158 1217 3217 mente
1238 3142 1273 3216 in

157 3261 448 3336 administratione
466 3262 554 3334 sacri
572 3262 718 3358 coniugii
731 3261 985 3335 diiudicandum
997 3275 1101 3333 estex
1113 3257 1173 3345 iis,
1186 3283 1275 3356 quae
1367 3309 1369 3314 ,

158 3402 200 3450 err
215 3377 371 3476 professo
395 3403 455 3451 seu
476 3377 554 3450 data
566 3402 678 3475 ,opera
700 3377 837 3475 scripsit
857 3377 893 3448 in
919 3374 1082 3473 opusculo
1099 3374 1142 3447 de
1159 3373 1274 3447 matri-

159 3493 286 3580 monio,
316 3493 413 3566 ouius
438 3493 640 3566 sententiam
660 3491 892 3591 expendimus.

231 3608 274 3681 Et
299 3607 343 3679 de
360 3607 533 3681 'Guilielmi
559 3609 759 3707 parisiensis
785 3608 949 3681 sententia
971 3607 1147 3681 haetenus.
1166 3604 1273 3692 Quod

159 3721 247 3793 enim
274 3720 393 3795 attinet
413 3722 616 3795 adrerum
641 3722 866 3809 Paludanum,
887 3738 920 3795 et
940 3748 969 3794 s.
987 3721 1164 3808 Thomam,
1187 3743 1273 3818 quos

159 3861 221 3935 pro
240 3836 399 3935 opinione
423 3864 486 3911 sua
510 3838 636 3936 profert
652 3837 783 3925 Canus,
804 3863 982 3937 operosum
1001 3863 1067 3910 non
1089 3852 1141 3908 est
1161 3849 1275 3906 osten·
1324 3842 1325 3845 ’

159 3950 238 4025 dere
255 3951 374 4026 ambos
393 3952 492 4051 longe
506 3980 526 4026 a
539 3953 663 4052 placito
680 3953 885 4027 adstruendo
898 3951 1066 4038 abfuisse,
1083 3949 1174 4048 quod
1187 3948 1273 4047 ipsis

160 4066 328 4140 tribuitur.
347 4067 557 4142 Contrarium
581 4069 749 4169 siquidem
771 4086 913 4168 uterquc
938 4067 1039 4166 plane
1063 4078 1273 4138 consectatus

161 4197 221 4254 est.
245 4182 284 4253 Id
309 4207 389 4255 vero
414 4208 454 4256 eo
478 4182 635 4257 libentius
665 4183 894 4256 demonstrare
920 4179 1155 4278 aggredimur,
1182 4175 1274 4276 quod

160 4294 267 4392 magis
293 4295 468 4370 confirmet
492 4324 579 4398 quae
603 4299 646 4371 de
668 4297 844 4371 Guiliclmo
868 4295 1033 4380 diximus,
1056 4319 1156 4392 quom
1176 4317 1274 4365 nemo
1302 4333 1304 4337 ·
