2872 5062
279 357 348 405 car.
364 357 408 406 iv.
425 356 465 406 on
482 358 601 408 trouu.
619 358 676 406 rno
696 360 775 408 ineu
794 360 834 408 nn
853 359 948 408 narn.
966 359 1028 408 civ.
1045 361 1116 410 ior.
1140 360 1161 408 1.
1242 341 1310 408 eet

662 583 850 678 Responsio.

266 828 316 897 En
342 827 407 898 hac
431 826 586 924 exposita
620 825 748 899 theoria
782 806 890 900 unice
911 829 1063 927 sequitur
1097 855 1198 901 unam
1225 857 1312 916 eam-

189 945 339 1042 demque
369 970 439 1015 rem
464 943 529 1016 sub
564 943 741 1041 multiplici
768 961 924 1042 respectu
951 945 1094 1044 spectari
1122 973 1243 1044 posse,
1272 975 1312 1021 ec

192 1085 254 1156 per
278 1058 430 1130 diversos
456 1072 635 1157 conceptus
662 1059 887 1157 apprehendi,
918 1085 985 1132 non
1012 1074 1122 1133 autem
1141 1061 1176 1132 in
1195 1062 1310 1160 plures

190 1199 247 1246 res
272 1174 421 1271 discerpi
448 1199 549 1272 posse
574 1190 632 1246 eut
656 1173 789 1247 debere.
817 1175 904 1247 Sane
934 1203 1001 1248 una
1027 1177 1213 1276 eademque
1235 1205 1312 1276 per-

191 1313 302 1372 sone,
332 1304 496 1385 quaeest
521 1287 641 1370 homo,
671 1288 755 1361 ciuis
774 1296 807 1362 et
824 1289 1052 1376 christianus,
1083 1291 1175 1364 haud
1203 1309 1313 1391 potest

183 1403 235 1475 ob
262 1402 429 1500 triplicem
455 1403 545 1475 hunc
572 1419 760 1501 respectum
779 1404 814 1475 in
832 1421 899 1478 tres
927 1405 1034 1478 reales
1061 1407 1211 1506 dispesci
1238 1436 1311 1509 per-

194 1545 314 1604 sonae,
343 1519 434 1616 quod
452 1535 504 1591 est
524 1517 709 1592 absurdum
728 1521 780 1593 vel
799 1522 958 1618 cogitare.
980 1522 1035 1595 Sic
1060 1524 1310 1598 matrimonium

191 1636 454 1707 christianorum
472 1662 576 1707 unum
602 1653 704 1736 etque
728 1637 940 1710 individuum
964 1655 1035 1726 est,
1064 1641 1156 1738 quod
1182 1657 1235 1714 est
1254 1648 1315 1714 'sa-

190 1769 421 1832 cramentum
446 1776 556 1850 neque
577 1778 617 1824 ex
642 1778 681 1826 eo
706 1754 796 1853 quod
825 1755 969 1851 spectari
989 1757 1097 1854 possit
1114 1761 1175 1854 per
1192 1758 1315 1831 mentis

190 1867 452 1940 abstractionem
467 1892 507 1940 ae
519 1868 666 1964 logicum
679 1885 877 1967 conceptum
889 1884 925 1941 ut
935 1885 1124 1944 contractus
1135 1872 1310 1957 naturalis,

192 1982 306 2056 civilis
323 1999 357 2056 et
375 1982 648 2072 sacramentalis,
669 1985 791 2057 exinde
816 1985 970 2083 sequitur
987 2012 1063 2059 esse
1085 2003 1153 2060 tres
1179 1989 1315 2062 realita-

194 2114 257 2183 ῖθε,
281 2125 341 2170 seu
359 2115 426 2170 tres
446 2123 500 2170 res
519 2098 561 2169 ab
580 2098 726 2170 invicem
743 2099 943 2185 distinctaS,
965 2100 1070 2173 multo
1095 2127 1174 2174 vero
1199 2103 1313 2174 minus

193 2214 323 2286 divisas
340 2229 399 2285 aut
420 2213 623 2286 divisibiles.
646 2213 711 2284 Sed
729 2228 780 2285 est
799 2240 904 2286 unum
928 2214 1087 2313 idemque
1103 2215 1310 2311 coniugium,

190 2329 283 2428 quod
310 2330 454 2428 spectari
478 2345 588 2427 potest
605 2345 641 2400 ut
658 2329 807 2401 officium
826 2345 985 2415 naturae,
1006 2345 1043 2400 ut
1060 2329 1209 2402 officium
1223 2356 1314 2403 eom-

190 2446 385 2533 munitatis,
412 2462 445 2517 et
461 2462 498 2516 ut
515 2445 666 2518 officium
692 2445 889 2541 religionis,
919 2472 959 2518 ac
984 2447 1048 2542 snb
1073 2446 1224 2545 quolibet
1249 2446 1315 2520 hoc

192 2576 348 2659 respectu
375 2561 550 2658 attingitur
574 2588 594 2633 a
620 2561 693 2659 lege
727 2560 890 2647 naturali,
919 2589 940 2634 a
966 2562 1039 2659 lege
1064 2562 1182 2649 civili,
1212 2578 1246 2636 et
1270 2562 1313 2635 ab

191 2676 338 2749 ecclesia
364 2703 424 2749 seu
449 2675 614 2774 religione
627 2735 643 2762 ‚,.
656 2692 689 2748 et
705 2677 844 2776 quidem
871 2677 935 2750 sub
961 2679 1148 2776 respectiro
1174 2679 1308 2763 ordine;

191 2792 304 2889 alege
322 2809 462 2865 naturae
480 2818 522 2864 ne
542 2793 599 2864 fiat
617 2809 732 2866 contra
750 2793 982 2879 honestatem,
1004 2821 1105 2893 quam
1128 2819 1169 2866 ea
1189 2795 1309 2890 exigit;

192 2933 213 2977 a
237 2906 312 3004 lege
336 2908 430 2981 civili
456 2934 499 2979 ne
523 2923 639 2981 contra
664 2909 789 2982 bonum
814 2909 913 2982 civile
936 2936 976 2981 ac
992 2908 1167 3008 politicum
1194 2908 1313 2980 redun-

145 3019 167 3053 Χ
190 3022 269 3108 det;
291 3023 334 3095 ab
352 3023 520 3107 ccclesia,
545 3049 635 3122 quae
657 3023 762 3095 elficit
778 3041 815 3095 ut
832 3039 1021 3096 contractus
1048 3021 1231 3106 naturalis,
1253 3024 1312 3121 qui

190 3154 244 3211 est
270 3139 547 3223 fundamentum,
576 3138 746 3234 legitimus
771 3139 816 3211 sit
840 3153 874 3210 et
898 3151 1108 3210 sacramento
1138 3153 1310 3235 tamquam

193 3255 335 3328 materia
353 3254 532 3339 inserviat,
558 3279 618 3326 seu
642 3254 756 3326 verius
782 3268 834 3325 θεῖ
858 3267 1104 3325 sacramentum
1131 3251 1263 3350 ipsum,
1292 3279 1312 3325 a

194 3396 263 3469 quo
289 3387 480 3444 contractus
506 3371 619 3470 reipsa
645 3398 711 3468 non
738 3370 967 3468 distinguitur.

267 3487 302 3558 Si
329 3487 444 3586 itaque
467 3502 659 3560 contractus
686 3486 849 3559 naturalis
875 3478 1129 3558 [undamentum
1155 3502 1208 3558 est
1231 3511 1312 3558 con·

193 3603 277 3699 iugii
296 3602 487 3687 christiani,
508 3617 541 3674 et
558 3628 626 3701 quo
644 3602 787 3674 ecelesia
804 3616 976 3700 tamquam
993 3601 1134 3674 materia
1159 3601 1312 3698 proxime

193 3743 253 3816 per
279 3735 389 3791 ectum
416 3719 542 3817 ipsum,
571 3745 639 3818 quo
658 3718 710 3805 fit,
731 3719 836 3790 utitur
861 3718 903 3790 ad
930 3718 1179 3792 conficiendum
1205 3741 1314 3788 sacra-

194 3849 344 3906 mentum
369 3861 390 3905 a
415 3834 551 3907 Christo
576 3834 719 3906 Domino
755 3833 962 3918 institutum,
992 3847 1082 3933 patet
1106 3846 1313 3904 contractum

193 3947 380 4019 naturalem
397 3964 431 4019 et
447 3962 694 4019 sacramentum
716 3973 822 4018 unum
840 3973 876 4019 re
892 3947 1052 4020 constitui
1069 3973 1110 4018 ae
1134 3972 1230 4033 esse,
1251 3971 1314 4018 nec

192 4088 298 4134 unum
321 4063 363 4134 nb
383 4063 488 4136 altero
511 4063 660 4161 dispesci
678 4089 839 4162 umquam
857 4089 971 4160 posse.
984 4064 1066 4134 Nam
1084 4089 1127 4134 er
1142 4077 1315 4134 contractu

193 4178 231 4250 lit
256 4195 517 4265 sacramentum,
547 4195 579 4252 et
601 4204 661 4278 per
688 4195 935 4252 sacramentum
961 4196 1038 4250 actu
1063 4193 1252 4250 contractus
1279 4178 1313 4248 in

193 4321 256 4367 suo
281 4321 358 4367 esse
383 4296 598 4380 constituitur
622 4310 725 4392 atquc
750 4296 941 4393 perficitur3
962 4294 1085 4366 exinde
1110 4294 1216 4367 oritur
1240 4293 1315 4366 vin-
