2872 5062
174 305 243 376 att
367 327 428 376 xm.
450 327 475 376 ι.
495 326 582 376 secr.
603 326 735 375 turem.
755 327 796 376 nn
820 326 953 377 nram.
979 327 1086 376 uum.

172 446 237 520 isto
261 446 425 545 prolano;
443 470 481 518 se
498 444 610 544 prodit
626 471 664 517 ex
684 444 798 518 causis
812 502 820 531 ,
836 469 926 542 quae
945 444 1158 519 adducuntur
1175 446 1218 518 ad
1240 446 1285 520 le

169 588 244 659 gem
270 560 358 633 hanc
382 559 669 634 cohonestandum
692 585 732 631 ac
757 558 1037 657 promovendam
1057 585 1095 632 se
1113 560 1227 660 prodit
1242 588 1283 634 ex

170 677 283 750 animo
308 676 424 749 hostili
449 675 615 749 adversus
634 673 828 772 religionem
850 674 1070 763 catholicam,
1095 676 1156 774 qui
1182 675 1285 774 legis·

171 791 293 866 latores
320 793 403 865 istos
429 818 469 864 ac
494 791 637 891 proinde
662 791 812 864 codicem
839 790 1016 877 informat;
1033 818 1072 864 se
1092 791 1206 890 prodit
1229 793 1284 867 de·

169 908 274 1007 nique
288 933 329 979 ex
352 907 427 1006 ipso
452 906 556 979 huius
582 905 668 1003 legis
694 905 884 992 schemate,
905 931 992 1004 quae
1010 907 1194 979 sancienda
1211 932 1285 1006 pro

169 1022 317 1121 ponitur.
347 1021 444 1107 Quod
475 1021 504 1094 si
535 1047 651 1094 revera
680 1020 823 1120 spiritus
856 1020 983 1093 codicis
1012 1020 1097 1094 loret
1132 1022 1284 1119 regulam

169 1136 359 1235 generalem
385 1162 581 1233 promouere
597 1137 641 1209 de
659 1136 840 1233 iungendis
861 1135 987 1236 nuptiis
1013 1136 1080 1208 ritu
1105 1136 1281 1234 religioso,

169 1278 274 1353 quare
304 1251 406 1348 igitur
435 1251 491 1324 isti
521 1250 734 1348 legislatores
760 1277 880 1324 novam
904 1251 993 1323 hano
1014 1251 1122 1326 codici
1145 1252 1213 1324 iam
1231 1280 1285 1327 re·

168 1384 264 1467 eepto
289 1367 437 1440 inserere
463 1366 571 1464 legem
597 1367 807 1466 discupiunt,
836 1393 905 1465 qua
930 1383 1029 1440 antea
1054 1366 1112 1440 ille
1135 1384 1209 1440 erat
1224 1367 1284 1442 de·

168 1480 331 1556 stitutus?
357 1481 390 1552 Si
421 1481 497 1553 talis
527 1498 579 1554 est
609 1481 749 1581 spiritus
779 1480 906 1555 codicis
930 1498 969 1555 ut
992 1497 1143 1556 servetur
1167 1483 1283 1580 regula

168 1596 356 1694 generalis,
388 1621 449 1669 cur
477 1595 569 1667 huno
600 1595 731 1668 codicis
760 1597 916 1693 spiritum
946 1596 1123 1670 immutare
1146 1614 1284 1671 conten-

168 1709 288 1784 dunt?
317 1711 437 1783 Sinant
469 1709 573 1806 igitur
603 1708 753 1807 regulam
783 1710 972 1806 generalem
1001 1737 1197 1810 permanere
1230 1711 1283 1784 in-

168 1842 309 1912 tactam,
325 1842 363 1897 ut
380 1824 526 1924 perfecte
551 1850 594 1898 ac
619 1826 741 1922 iugiter
765 1826 838 1898 sine
862 1827 1055 1926 exceptione
1075 1826 1146 1899 ulla
1162 1827 1200 1899 in
1216 1855 1282 1903 usu

167 1942 238 2029 sit,
272 1967 312 2013 ac
344 1940 485 2039 spiritus
513 1940 571 2014 ille
597 1958 771 2027 servetur,
809 1941 1092 2040 quemadmodum
1116 1941 1280 2017 hactenus

169 2055 326 2132 obtinuit.
346 2057 468 2129 Verum
487 2057 552 2130 hoc
568 2056 645 2154 ipso
671 2056 762 2156 quod
787 2056 933 2128 maxime
957 2072 1089 2156 optent,
1109 2073 1149 2131 ut
1166 2058 1281 2156 regula

170 2171 228 2246 illa
242 2172 389 2259 decidat,
412 2173 491 2245 ideo
509 2198 633 2246 novum
651 2172 717 2246 hoc
733 2173 996 2271 protestantismi
1013 2173 1188 2246 inventum
1207 2200 1282 2273 pro-

171 2304 312 2386 ponunt.

240 2402 412 2475 Postrema
430 2427 511 2499 pars
528 2427 606 2473 oum
624 2400 735 2499 priore
752 2415 907 2475 conserta
931 2401 1054 2474 asserit
1070 2400 1136 2474 hac
1154 2402 1192 2474 in
1209 2403 1280 2502 lege

167 2542 236 2589 non
261 2516 317 2613 agi
343 2516 410 2588 nisi
431 2515 474 2588 de
492 2516 636 2615 quadam
662 2516 876 2616 exceptione3
896 2532 932 2590 at
947 2517 1013 2590 hoo
1032 2517 1277 2616 ostellagium,

166 2656 235 2730 quo
260 2657 298 2704 se
323 2648 500 2728 contegere
522 2630 664 2717 vellent,
693 2632 751 2731 qui
776 2631 883 2729 legem
909 2648 1172 2732 proposuerunt3
1201 2634 1280 2734 quia

166 2745 202 2817 in
228 2771 264 2818 re
288 2746 372 2818 tanti
399 2747 558 2818 momenti
582 2762 684 2844 atque
709 2745 804 2818 aleae
828 2745 929 2845 plena
953 2746 1142 2822 debuerunt
1163 2749 1279 2822 timide

167 2876 335 2960 cauteque
359 2860 533 2947 incedere,
555 2877 593 2934 ut
609 2860 662 2934 lex
679 2861 907 2960 adoptaretur.
924 2861 1098 2950 Ceterum,
1119 2864 1151 2937 si
1169 2865 1279 2964 reipsa

166 3003 232 3051 non
246 2992 400 3073 ageretur
417 2975 484 3049 nisi
502 2976 545 3049 de
562 2974 709 3075 quadam
722 2977 931 3076 exceptione,
947 3003 1055 3076 quare
1066 2977 1281 3052 adducuntur

165 3094 210 3167 ad
223 3092 436 3166 statuendam
449 3092 557 3190 legem
571 3118 705 3180 causae,
718 3119 807 3191 quae
819 3092 994 3190 generales
1007 3109 1138 3167 suntne
1151 3094 1279 3168 uniuer-

166 3208 269 3296 sales,
290 3208 480 3282 cuiusmodi
498 3226 592 3296 sunt,
613 3234 700 3308 quas
717 3207 880 3282 hactenus
897 3209 1133 3307 expendimus,
1149 3225 1184 3283 et
1195 3235 1278 3309 quas

164 3350 241 3397 mox
258 3324 358 3397 etiam
376 3324 624 3424 expendemus,
646 3323 764 3424 quales
782 3350 835 3396 ex.
853 3351 904 3420 gr.
918 3340 998 3398 sunt
1018 3324 1279 3424 independentia

165 3463 206 3510 ae
219 3438 412 3512 autonomia
424 3439 600 3539 potestatis
614 3437 737 3526 civilis,
749 3438 887 3512 libertas
900 3438 1139 3526 conscientiae,
1149 3440 1280 3538 exigen

165 3554 212 3627 tia
236 3553 356 3627 horum
383 3570 589 3654 temporum,
610 3555 767 3655 aliaeque
791 3555 981 3629 eiusmodi?
998 3553 1070 3628 Hae
1087 3555 1275 3654 siquidem,

164 3671 195 3742 si
222 3670 304 3772 quid
328 3669 498 3758 valerent,
522 3697 589 3744 non
615 3698 675 3771 pro
702 3671 774 3745 sola
798 3671 993 3771 exceptione
1015 3669 1193 3758 valerent,
1221 3670 1279 3745 sod

163 3813 225 3886 pro
237 3786 403 3887 principio
421 3802 454 3859 et
470 3813 536 3859 usu
553 3786 716 3883 generali.
737 3786 886 3873 Deinde,
908 3785 940 3858 si
956 3785 1001 3858 de
1024 3785 1126 3858 unica
1152 3801 1278 3860 unum

163 3902 359 4002 exceptione
386 3928 441 3974 res
471 3916 590 3989 esset,
620 3901 738 3974 sutem
773 3900 897 3974 alicubi
922 3901 987 3975 hoc
1012 3900 1275 4000 exprimeretur;

164 4016 394 4091 insinuaretur
418 4015 537 4090 saltem
557 4017 593 4088 in
611 4016 696 4114 legis
722 4018 867 4092 decursu
892 4016 1083 4091 adhortatio
1103 4016 1222 4116 aliqua
1238 4015 1278 4089 ad
1309 4006 1311 4013 ’

164 4132 265 4205 ritum
296 4131 512 4229 religiosum,
548 4132 606 4231 qui
639 4133 784 4206 maxime
816 4133 904 4233 ipsis
937 4132 1029 4206 cordi
1060 4148 1134 4221 est,
1168 4134 1199 4206 si
1230 4131 1277 4205 eis

164 4248 419 4336 auscultemus,
455 4248 762 4347 frequentandum,
791 4276 851 4322 seu
885 4247 1092 4346 iungendum
1124 4247 1277 4324 civilibus
