2872 5062
152 349 207 450 ,⁸⁸
359 368 422 421 nu.
444 367 473 427 1.··
488 366 575 419 rncr.
597 367 620 415 1.
641 367 692 415 nn-
705 365 837 417 aarum
861 363 1075 416 anemurum.

159 484 376 567 affirmaverit
395 482 577 568 discedere
597 480 746 556 voluisse
767 507 788 553 a
806 481 977 569 doctrina,
1002 507 1104 582 quam
1129 482 1276 582 theologi

158 601 307 679 unanimi
316 622 482 686 consensu
492 613 600 672 aetate
612 622 675 671 sua
687 595 1009 697 adstruebamque
1018 597 1053 670 id
1062 596 1273 678 indicaverit.

164 767 166 774 ·
229 717 337 818 Atque
354 733 392 790 ut
415 743 436 790 a
454 714 626 789 Paludano
645 713 877 800 exordiamur,
896 713 927 787 is
941 713 976 785 in
989 712 1177 788 Commeat.
1190 715 1271 789 int.

157 834 248 916 Sent.
265 832 346 907 dist.
364 834 422 917 26.
440 858 475 930 q.
493 833 528 902 1.
543 829 625 902 dub.
644 832 679 902 3.
696 829 747 902 sic
764 828 882 903 definit
901 829 1085 925 generatim
1104 831 1277 907 matrina

157 947 268 1020 nium:
287 944 560 1020 «Matrimonium
582 960 637 1018 est
660 944 803 1018 duarum
829 969 1050 1042 personarum
1077 944 1274 1030 idonearum

158 1060 327 1159 legitimus
345 1059 381 1131 in
400 1058 636 1133 coniunctione
653 1085 841 1133 consensus
866 1059 1007 1154 (9).»Ε1
1018 1057 1101 1131 ibid.
1117 1060 1273 1134 Definii.

161 1173 448 1263 «Matrimonium,
467 1174 594 1274 inquit,
610 1191 662 1248 est
674 1200 860 1250 consensus
878 1173 982 1247 maris
993 1190 1026 1248 et
1038 1173 1202 1249 foeminae
1214 1176 1276 1251 be·

157 1292 249 1368 bitus
273 1292 308 1370 in
333 1291 500 1390 praesenti
517 1292 691 1387 (10).»Ne
708 1290 786 1390 quis
803 1314 882 1364 vero
907 1289 1138 1388 suspicaretur
1161 1290 1276 1390 ipsum

158 1407 307 1482 locutum
326 1407 369 1481 de
387 1407 459 1482 solo
476 1407 706 1495 matrimonio,
723 1421 823 1505 prout
839 1421 891 1479 est
901 1421 1106 1494 contractus,
1119 1406 1199 1482 dist.
1214 1411 1272 1483 26.

158 1539 290 1624 quaest.
317 1525 352 1596 n
368 1523 436 1597 sibi
452 1522 586 1598 obiicit:
613 1523 917 1610 «Sacramentum,
943 1521 1036 1622 quod
1060 1546 1127 1595 non
1148 1538 1202 1597 est
1218 1550 1277 1598 ne-

158 1638 346 1727 cessitatiS,
369 1639 472 1715 babet
492 1664 552 1738 per
572 1637 746 1712 ministros
765 1636 930 1712 ecciesiae
948 1637 1157 1736 dispensari;
1178 1639 1277 1713 unice

158 1754 252 1831 solus
270 1754 480 1854 baptismus,
501 1753 561 1852 qui
584 1767 639 1829 est
662 1768 909 1827 sacramentum
934 1752 1145 1829 necessitatis
1167 1769 1277 1852 potest

157 1896 218 1970 per
236 1869 419 1972 quemlibet
433 1869 556 1944 laicum
568 1868 760 1968 dispensari
773 1897 781 1955 ;
802 1868 863 1943 sed
879 1868 1130 1943 matrimonium
1144 1883 1211 1943 non
1224 1885 1276 1944 est

158 1986 371 2060 necessitatis
396 1999 559 2086 quantum
584 1985 627 2061 ad
651 1983 838 2087 quamlibet
860 2009 1058 2083 personam,
1077 1998 1190 2057 tamen
1208 2009 1276 2059 non

157 2099 376 2200 dispensatur
400 2126 461 2200 per
483 2099 656 2177 ministros
680 2100 858 2174 ccclesiae:
883 2098 1071 2173 benedictio
1095 2099 1186 2172 enim
1212 2125 1276 2173 nu·

157 2213 309 2291 bantium
335 2230 479 2290 nonest
507 2214 550 2287 de
579 2215 779 2292 necessitate
803 2213 1018 2290 matrimonii.
1048 2213 1136 2310 Ergo
1160 2214 1277 2287 matri·

96 2326 99 2333 '
157 2331 308 2406 monium
335 2346 479 2409 nonest
507 2347 753 2406 sacramentum
778 2333 896 2426 (11).»
916 2328 1108 2429 Respondet
1131 2343 1272 2402 autem:

159 2446 376 2522 «Dicendum
395 2461 450 2521 est
470 2471 568 2543 ergo,
590 2446 682 2545 quod
698 2446 784 2519 illud
803 2446 1072 2533 matrimonium,
1093 2445 1191 2519 cuius
1208 2460 1278 2519 tota

156 2558 305 2634 efficacia
329 2574 383 2637 est
407 2559 442 2630 in
466 2560 607 2634 materia
631 2577 664 2636 et
687 2561 809 2647 forma,
839 2587 907 2635 non
929 2586 969 2633 ex
992 2575 1088 2660 parte
1109 2560 1273 2647 ministri,

159 2672 243 2746 illud
268 2689 381 2773 potest
407 2674 551 2749 conferri
577 2675 620 2750 ab
645 2675 730 2764 alio,
756 2702 859 2776 quam
884 2703 905 2752 a
929 2677 1083 2751 ministro
1111 2675 1276 2755 ecclesiae

158 2788 310 2863 etiam-in
328 2788 527 2863 necessitate
540 2804 574 2863 et
588 2805 681 2864 extra
698 2791 954 2864 necessitatem:
975 2791 1054 2868 licet
1070 2818 1137 2866 non
1155 2791 1277 2865 debeat

157 2901 224 2976 nisi
250 2904 285 2976 in
309 2903 529 2979 necessitate:
560 2904 649 2979 sieut
671 2905 714 2978 de
739 2905 860 2980 effectu
885 2906 1109 2981 eucharistiae
1139 2906 1277 3005 indigno

159 3033 357 3117 susceptae:
384 3017 466 3117 quia
491 3032 560 3092 tota
583 3019 691 3094 virtus
714 3019 880 3094 causandi
904 3020 1046 3117 gratiam
1073 3036 1125 3094 est
1149 3021 1186 3092 in
1209 3047 1274 3108 eo,

156 3134 247 3232 quod
268 3133 470 3233 suscipitur:
499 3148 534 3207 et
557 3133 636 3208 licet
659 3161 727 3208 non
751 3135 872 3215 debeat
894 3135 1080 3211 ministrari
1099 3135 1166 3208 nisi
1183 3162 1206 3209 a
1221 3162 1277 3210 sa·

158 3248 302 3337 cendato,
318 3265 456 3349 excepta
472 3251 691 3326 necessitate.
706 3309 712 3324 .
726 3309 733 3324 .
745 3268 873 3327 tantum
892 3252 958 3328 sibi
975 3250 1064 3325 valet
1081 3267 1276 3350 susceptum

160 3362 301 3453 alaine,
321 3390 423 3464 quem
441 3366 547 3440 credit
564 3393 663 3441 suum
681 3384 832 3443 curatum
850 3384 1013 3468 quantum
1030 3394 1052 3440 a
1069 3394 1131 3442 suo
1143 3382 1272 3442 curato.

157 3479 207 3551 Ita
228 3495 279 3554 est
295 3480 338 3552 de
357 3479 546 3579 baptismo,
573 3482 733 3582 quoniam
757 3484 832 3558 eius
855 3485 963 3558 virtus
988 3511 1054 3558 non
1079 3499 1131 3559 est
1150 3484 1190 3560 in
1214 3484 1277 3556 mi·

156 3593 262 3668 nistre
285 3594 464 3670 eeclesiae:
490 3611 523 3669 et
547 3596 624 3670 ideo
650 3623 717 3671 non
744 3615 879 3698 propter
902 3599 988 3686 hoc,
1015 3598 1106 3698 quod
1131 3623 1200 3672 non
1226 3612 1277 3670 est

157 3711 409 3800 necessarium,
441 3725 521 3786 'cum
556 3712 600 3786 sit
630 3716 859 3790 necessarium
893 3715 1151 3802 communitati,
1188 3713 1276 3788 sicut

155 3821 344 3924 baptismus
376 3853 541 3926 personae
566 3829 750 3927 singulari,
777 3831 839 3904 sed
870 3832 952 3930 quia
974 3831 1083 3904 virtus
1104 3829 1181 3904 eius
1209 3855 1274 3903 non

183 4099 198 4133 ς
229 4081 266 4146 (e)
280 4083 334 4134 Fal.
349 4089 402 4135 ree.
413 4083 454 4135 ed.
464 4084 542 4137 Paris.
557 4091 626 4138 1511.

227 4163 278 4228 (to)
294 4167 355 4216 Nam
373 4164 446 4216 afferi
459 4167 568 4230 quinque
582 4167 735 4219 definitiones
758 4167 920 4230 matrimonii,
938 4183 967 4221 ac
983 4171 1009 4221 in
1025 4170 1094 4222 nulla
1109 4182 1195 4222 earum
1208 4180 1273 4219 men·

158 4238 250 4296 fiunem
264 4242 344 4294 iniicii
354 4244 503 4309 sacerdotis,
514 4247 558 4296 aut
568 4246 726 4298 sacerdotalis
736 4247 921 4299 benedictionis.
1213 4245 1215 4249 ’

163 4351 168 4359 -
232 4323 284 4388 (tl)
299 4324 353 4376 rot.
367 4326 560 4379 tteversocoi.
574 4334 597 4377 2.
