2872 5062
165 361 235 431 tat
357 384 418 433 mn.
439 382 463 432 1.
484 382 570 433 srcr.
592 383 615 431 r.
631 382 670 432 oa
688 382 820 434 urrais.
837 382 1050 435 anemurum.

165 517 235 574 tum
252 502 287 574 in
305 501 472 599 coniugiis
490 500 763 587 christianorum,
781 501 841 573 sed
854 501 945 574 hunc
955 502 1066 601 ipsum
1076 516 1283 576 contractum

166 617 378 717 appellarunt
403 631 671 703 sacramentum,
692 615 841 715 eoquod
863 616 1066 716 praeseferat
1083 617 1212 690 ratione
1229 619 1283 692 sui

163 733 299 830 signum
317 731 436 806 efficax
454 733 715 830 gratiae,atque
730 731 865 805 unionis
884 731 1009 805 Christi
1028 758 1104 805 cum
1122 718 1280 807 ecclesia.

234 848 344 921 Tertio
369 847 504 922 demum
519 846 732 922 catholicam
759 846 937 921 ecclesiam
960 875 1022 921 sua
1051 832 1220 921 sentiendi
1250 865 1285 923 et

161 963 283 1061 agendi
298 964 429 1037 ratione
444 963 695 1038 distinctionem
713 979 919 1038 contractum
938 963 1025 1036 inter
1042 979 1076 1036 et
1093 989 1285 1037 sacramen·

161 1095 232 1153 tum
241 1079 277 1150 in
290 1079 453 1167 fidelium,
465 1106 525 1153 seu
538 1080 782 1178 baptizatorum
800 1079 967 1175 coniugiis
984 1079 1160 1153 excludere
1182 1079 1282 1154 lucu·

162 1194 267 1270 lenter
283 1195 474 1268 ostenditur
490 1220 531 1267 ex
546 1193 680 1268 concilii
707 1194 880 1268 tridentini
906 1192 1070 1268 doctrina.
1092 1195 1177 1266 Nem
1201 1220 1283 1269 con-

162 1309 277 1382 cilium
304 1335 392 1383 sess.
412 1310 541 1397 xxiv,
559 1310 608 1385 uti
629 1309 786 1410 superius
811 1310 984 1397 vidimus,
1008 1310 1077 1383 duo
1090 1310 1222 1398 edixit,
1243 1337 1284 1384 ac

162 1427 196 1496 1.
210 1424 382 1498 Christum
400 1425 560 1525 passione
578 1452 641 1500 sua
657 1424 757 1499 nohis
773 1429 1002 1524 promeruisse
1017 1425 1178 1523 gratiam,
1194 1412 1284 1525 quae

161 1540 348 1614 naturalem
377 1566 527 1615 amorem
554 1541 745 1640 perficeret,
768 1557 802 1614 et
823 1540 1095 1615 indissolubilem
1118 1542 1283 1615 unitatem

161 1655 309 1753 coniugii
335 1672 608 1756 protoparentum
632 1683 673 1729 ac
698 1672 906 1756 posterorum
924 1656 1149 1730 confirmaret.
1168 1657 1283 1729 2.'Per

160 1772 328 1845 eiusmodi
347 1773 513 1870 gratiam,
531 1797 600 1870 qna
622 1787 702 1843 sunt
722 1772 885 1846 instructa
906 1771 1064 1869 coniugia
1079 1757 1284 1846 christiano-

160 1912 257 1974 rum,
280 1886 366 1961 haee
391 1904 562 1986 praestare
583 1887 761 1961 connubiis
782 1886 953 1961 veteribus
971 1887 1029 1961 tali
1051 1887 1159 1985 gratia
1176 1887 1284 1968 desti-

161 2002 255 2076 tutis.
286 2003 335 2075 Ex
366 1988 435 2078 his'
447 2003 588 2103 proinde
613 2002 778 2077 discimus
803 1995 1049 2077 sacramentum
1078 2004 1284 2079 matrimonii

161 2116 337 2191 christiani
352 2116 438 2189 nihil
452 2117 544 2191 aliud
561 2143 638 2191 esse
655 2143 757 2217 quam
776 2133 982 2191 contractum
1000 2118 1113 2217 ipsum
1131 2119 1284 2192 sanctifi·

162 2249 295 2319 catum,
317 2233 398 2306 dum
417 2260 477 2333 per
494 2258 699 2307 consensum
715 2233 828 2306 verbis
847 2259 907 2307 seu
925 2233 1064 2307 nutibus
1084 2244 1282 2337 expressum

163 2375 240 2422 eum
258 2349 495 2424 contrahentes
511 2349 706 2423 conficiunt.
724 2350 832 2439 Sane,
854 2349 883 2422 si
901 2364 1150 2423 sacramentum
1167 2376 1189 2423 a
1205 2376 1283 2424 cou-

161 2481 270 2539 traotu
290 2465 571 2563 distingueretur,
601 2465 700 2564 eique
723 2480 896 2565 tamquam
918 2492 972 2539 res
997 2465 1040 2538 ab
1058 2491 1097 2539 eo
1121 2464 1282 2541 distincta

128 2618 129 2622 ¹
162 2579 356 2667 accederet,
376 2597 414 2652 ut
426 2580 510 2654 scite
528 2579 764 2653 animadvertit
781 2581 872 2653 card.
886 2580 1070 2667 Gerdilius,
1091 2607 1159 2654 non
1170 2581 1283 2656 dixis-

161 2711 213 2768 set
239 2694 438 2783 concilium,
463 2694 636 2769 Christum
662 2695 785 2768 fecisse
813 2697 1062 2770 matrimonium
1088 2721 1281 2771 sacramen-

160 2825 251 2897 tum,
274 2811 334 2883 sed
354 2808 478 2884 iecisse
499 2825 747 2883 sacramentum
773 2811 970 2883 distinctum
995 2811 1039 2884 ad
1065 2809 1282 2885 sanctifican-
1318 2871 1321 2877 .

159 2925 241 2999 dum
258 2925 530 3013 matrimonium,
552 2924 729 3024 eidemque
753 2925 1006 3023 adiungendum
1023 2929 1087 3022 (8).

234 3041 428 3129 Praeterea,
450 3056 488 3113 ut
509 3024 662 3141 apposite
680 3067 750 3113 rem
769 3039 918 3115 declarat
933 3040 1178 3129 Bellarminus,
1200 3067 1281 3116 con·

160 3157 244 3253 iugii
268 3159 515 3230 sacramentum
540 3155 673 3230 duobus
698 3156 809 3259 modis
832 3157 1040 3231 considerari
1062 3173 1184 3257 potest.
1206 3159 1280 3232 Uno

158 3272 259 3346 modo
273 3273 410 3371 quando
423 3273 477 3360 fit,
499 3272 604 3346 altero
622 3272 759 3373 quando
775 3290 950 3372 permanet
961 3288 1140 3372 postquam
1154 3273 1279 3347 lactum

159 3401 222 3459 est.
247 3387 307 3460 Est
324 3387 413 3461 enim
432 3388 681 3461 matrimonium
704 3387 817 3460 simile
841 3388 1078 3475 eucharistiae,
1104 3414 1193 3488 quae
1210 3414 1279 3463 nou

158 3500 268 3575 solum
293 3501 374 3573 dum
400 3501 457 3590 lit,
488 3502 549 3575 sed
575 3502 676 3575 etiam
704 3501 785 3574 dum
806 3519 996 3601 permanet,
1027 3517 1278 3576 sacramentum

158 3632 221 3690 est.
243 3617 331 3689 Dum
349 3618 439 3690 enim
453 3618 614 3714 coniuges
630 3618 766 3704 vivunt,
788 3643 920 3717 semper
937 3645 1051 3692 eorum
1068 3619 1213 3692 societas
1224 3645 1279 3692 sa-

158 3749 365 3806 cramentum
387 3748 439 3807 est
461 3731 587 3805 Christi
614 3748 646 3806 et
669 3733 844 3806 ecclesiae.
871 3736 972 3822 Nam,
1001 3750 1038 3807 ut
1060 3734 1136 3833 ipse
1169 3735 1278 3808 conti-

157 3864 254 3935 nuat,
274 3848 389 3945 negari
407 3872 474 3920 non
492 3862 601 3948 potest
618 3848 712 3947 ipsos
726 3849 887 3946 coniuges
903 3849 1005 3922 simul
1022 3849 1274 3936 cohabitantes,

157 3963 229 4039 sive
242 3980 412 4039 externam
430 3965 610 4062 coniugum
624 3965 817 4039 societatem
830 3982 863 4039 et
875 3965 1165 4052 coniunctionem,
1188 3988 1277 4064 quae

157 4079 330 4152 materiale
354 4095 406 4154 est
428 4079 620 4180 symbolum
642 4097 814 4156 externum
838 4081 963 4154 Christi
982 4097 1015 4153 et
1041 4080 1205 4153 ecclesiae
1225 4082 1275 4151 in·

157 4191 390 4271 dissolubilem
426 4195 694 4269 coniunctionem
722 4196 891 4282 referens,
924 4195 1211 4295 quemadmodum
1239 4194 1272 4266 iu

231 4347 265 4410 (a)
279 4347 338 4397 hoo.
348 4346 390 4398 cit.
