2872 5062
279 408 349 457 eur.
365 408 397 455 v.
415 406 454 456 nn
470 405 586 457 urursr.
603 404 762 455 conrnnu.
777 405 849 453 rur.
866 404 1003 453 ltu-tlte.
1019 403 1135 453 runos.
1196 382 1264 452 1155

123 525 125 528 ’
156 550 245 624 quae
269 522 509 598 recentioribus
535 521 741 621 temporibus
767 546 846 594 sese·
860 547 966 617 magns
984 520 1172 594 clarissime
1187 547 1264 621 pro-v

157 639 246 712 didit
270 639 305 711 in
330 638 556 712 oecumenicis
582 636 753 723 conciliis,
782 636 817 708 in
835 634 1039 734 apostolicae
1057 635 1149 708 sedis
1167 635 1265 709 sactis

159 754 347 855 dictisque,
370 771 469 853 atque
485 754 521 826 in
539 753 708 827 communi
728 779 830 826 sensu
847 750 1010 824 eeclesiae
1023 751 1150 849 ipsius,
1167 777 1267 848 agen-

158 870 262 969 dique
285 869 425 942 ratione.
448 870 539 943 Haec
564 868 757 942 evolvamus
784 866 1008 965 singillatim(

230 985 278 1058 Ac
302 985 409 1084 primo
433 984 571 1084 quidem
598 998 775 1056 occurrunt
799 982 868 1054 duo
891 996 1146 1054 commemorata
1162 1007 1267 1055 oecu-

161 1098 290 1171 menica
313 1098 474 1184 concilia,
503 1098 716 1171 florentinum
741 1123 780 1170 ac
806 1096 1034 1170 tridentinum.

231 1211 434 1290 Florentium
460 1211 495 1283 in
513 1211 730 1285 instructione
747 1211 826 1285 data
842 1237 902 1310 pro
920 1210 1074 1283 iacebitis
1092 1210 1135 1282 ab
1158 1210 1266 1308 Euge-

160 1327 217 1407 nio
233 1328 285 1399 lv.
307 1328 342 1398 in
359 1327 511 1401 eiusdem
527 1327 662 1401 concilii
680 1327 949 1413 continuatione,
971 1352 1058 1424 quae
1076 1342 1152 1425 post
1172 1352 1266 1423 grae-

158 1467 273 1515 corum
285 1442 492 1527 discessum,
511 1441 694 1516 Florentiae
708 1441 853 1539 primum
865 1441 1014 1528 ,deinde
1026 1439 1266 1513 Romaelocum

160 1556 277 1629 habuit
294 1555 547 1630 i'n-iateranensi
563 1556 708 1630 basilica
723 1559 813 1652 (33).
827 1557 1034 1655 «Septimum
1047 1570 1117 1642 est,
1135 1557 1262 1654 inquit,

157 1686 402 1746 sacramentum
427 1671 649 1760 matrimonii,
677 1673 768 1772 quod
794 1688 847 1746 est
862 1672 998 1768 signum
1020 1670 1266 1744 coniunctionis

157 1785 283 1861 Christi
307 1801 342 1861 et
364 1787 543 1875 ecclesiae,
573 1789 758 1863 secundum
784 1787 982 1887 Apostolum
1007 1787 1182 1859 dicentem.
1204 1788 1267 1858 Sc·

157 1917 356 1975 crameutwu
373 1903 429 1975 hoc
444 1928 599 2000 mupuwm
616 1919 664 1977 est
680 1919 744 1977 etc.
769 1904 878 1976 Causa
899 1904 1044 2002 efficiens
1068 1903 1270 1973 mutreirtooit'

160 2016 356 2113 regulariter
379 2033 430 2090 est
453 2032 589 2092 mutuus
613 2045 799 2092 consensus
826 2044 887 2116 per
911 2017 1013 2090 verba
1036 2017 1079 2089 de
1097 2016 1265 2114 praesenti

157 2156 338 2228 expressus
358 2133 470 2227 (34).»
483 2132 518 2203 Si
535 2131 638 2229 igitur
663 2160 723 2232 per
746 2133 961 2206 florentinum
987 2130 1168 2204 concilium
1193 2156 1267 2203 mu·-

160 2259 236 2318 tuus
261 2260 457 2326 consensus*
470 2262 523 2319 est
547 2272 651 2321 causa
675 2246 822 2319 efficiens
851 2243 1071 2328 matrimonii,
1097 2242 1262 2341 proiecto,

158 2359 216 2458 qui
233 2361 425 2461 exprimunt
441 2362 533 2434 hunc
548 2373 772 2448 consensum,
795 2361 819 2431 ii
836 2360 937 2435 simul
956 2359 1138 2434 conficiunt
1148 2368 1268 2457 ‘saera-

159 2468 1266 2573 mm3mmmfflmmmmmmwmm

158 2589 1338 2723 mmmm3Qmmmmmmfflmmwm¹

160 2706 1048 2783 ωωωωωωωωή.μ·,
1126 2718 1129 2724 ’

233 2819 355 2907 Unica,
383 2846 470 2919 quae
494 2822 696 2919 athcologis
713 2822 876 2897 aduersae
893 2822 1095 2909 sententiae,
1116 2776 1267 2919 exceptio

161 2933 236 3021 fiat,
264 2951 336 3023 est,
361 2937 452 3036 quod
477 2938 653 3012 concilium
681 2938 765 3012 haec
789 2939 963 3037 protulerit
978 2939 1023 3011 do
1043 2940 1262 3020 matrimonio,

158 3072 226 3125 non
244 3066 354 3125 eutem
370 3052 414 3127 dc
430 3069 641 3126 sacraemnta.
663 3053 705 3127 dt
719 3080 799 3127 vero
816 3054 852 3126 id
863 3054 957 3126 serio
970 3080 1031 3127 eos
1045 3053 1156 3126 dicere
1168 3075 1267 3125 nemo

160 3177 239 3261 puto
265 3164 331 3245 sibi
361 3166 604 3264 persuadebit:
641 3168 819 3265 quomodo
841 3168 928 3240 enim
941 3236 944 3241 ,
959 3167 1067 3265 potuit
1096 3166 1191 3266 loqui
1223 3165 1267 3239 de

158 3303 261 3352 causa
285 3279 449 3354 efficiente
473 3282 720 3354 matrimonium
735 3284 829 3381 ‚quin
847 3282 1040 3379 significare
1054 3282 1197 3356 voluerit
1212 3307 1267 3354 sc.-

157 3409 375 3479 crcowutum',
404 3421 480 3470 oum
510 3406 618 3470 aetate
642 3396 699 3469 illa
722 3398 837 3494 ignota
865 3397 979 3471 adhuc
1010 3397 1109 3471 suerit
1137 3397 1266 3471 invecta

159 3522 275 3605 postea
299 3507 526 3599 distinotioin
550 3510 707 3607 coniugio
736 3511 922 3585 christiano
952 3513 1040 3586 inter
1069 3529 1266 3587 contractum

157 3638 191 3696 at
212 3626 474 3705 sacromentum?
490 3626 624 3701 decedit
641 3628 731 3726 quod
749 3642 817 3701 tota
834 3627 919 3701 haec
936 3628 1169 3702 instructionis
1186 3638 1265 3726 pars

157 3735 200 3808 de
225 3739 445 3813 sacramentis
469 3739 644 3840 desumpta
668 3756 720 3814 est
744 3741 787 3815 ad
811 3741 949 3815 verbum
974 3769 1014 3816 ex
1037 3741 1208 3842 Opusculo
1224 3741 1260 3812 V.

158 3875 188 3922 s.
212 3849 376 3937 Thoma03
397 3852 466 3925 iam
488 3879 585 3940 vero,
614 3869 652 3926 ut
676 3854 881 3952 pauloante
905 3856 1131 3942 ostendimus,
1156 3855 1266 3952 unge

158 3963 243 4039 licus
267 3965 384 4039 doctor
408 3968 597 4066 promiscue
620 3984 762 4068 usurpat
787 3995 886 4044 voces
911 3973 1108 4043 sacrementi
1131 3981 1171 4043 'ac
1194 3995 1265 4046 ma-

159 4081 304 4153 trimonii
325 4081 373 4153 uti
400 4083 608 4182 synonimas.
631 4083 718 4157 illud
743 4100 865 4159 autem
879 4086 1089 4183 repulerim,
1118 4099 1155 4158 ut
1180 4083 1264 4175 alias

226 4269 276 4331 (³3)
291 4269 364 4333 Apud
377 4266 490 4323 Haiduin
502 4270 567 4324 Ac'to
580 4286 651 4324 conc.
664 4275 724 4324 torn
734 4275 776 4323 lx.
789 4274 838 4324 ool.
850 4277 918 4326 1⁰34.

173 4347 543 4411 wfflmm
599 4362 687 4371 ·“
922 4380 925 4389 ·
