2872 5062
237 321 307 389 sto·
429 345 490 399 uin.
512 345 535 392 r.
558 339 643 395 sacr.
667 344 796 399 uirum.
819 344 858 393 uu
885 343 1016 394 urrmu.
1038 343 1145 395 civim.

235 460 353 534 ordine
376 460 479 546 reali,
509 461 578 558 iugi
596 462 821 560 experimento
841 462 953 560 reipsa
977 460 1128 536 obtinere
1153 465 1354 562 comproba-

235 591 298 647 tur.
324 576 389 648 Fac
415 575 514 649 modo
539 576 703 649 eiusmodi
722 576 877 672 coniugia
894 575 1007 649 civilia
1025 577 1160 673 augeri,
1180 604 1221 651 ao
1238 605 1352 678 aequa

234 691 447 790 proportione
466 691 648 790 pessimam
670 690 819 765 sobolem
841 690 905 764 sub
927 692 1101 765 recensitis
1123 694 1288 792 auspiciis
1309 722 1355 768 ac

234 831 344 879 rerum
370 806 539 879 adiunctis
566 806 759 879 societatem
784 806 986 905 pervadere,
1019 807 1182 905 quidnam
1213 810 1279 880 erit
1307 810 1353 883 de

234 920 369 1019 publica
393 947 524 994 morum
550 922 725 994 sanctitate
749 947 789 994 ac
814 920 1021 994 honestate?
1047 922 1212 995 Nimirum
1237 925 1353 996 omni-

233 1063 339 1133 genae
361 1036 528 1109 foeditatis
551 1036 711 1110 colluvies
729 1037 772 1109 ad
791 1036 898 1110 instar
921 1036 1072 1109 lluminis
1095 1037 1298 1112 exundantis
1316 1056 1349 1113 et

233 1178 332 1249 agros
347 1152 413 1226 late
426 1152 664 1251 depopulantia
677 1153 855 1252 irrumpet,
867 1152 1031 1251 brevique
1044 1152 1356 1233 societatis-omnes,

233 1267 361 1340 classes
385 1267 531 1355 inficiet,
552 1269 695 1368 eiusque
714 1269 967 1341 lundamentum
989 1268 1168 1340 concutiet..
1186 1268 1277 1341 Talis
1295 1286 1350 1342 est

233 1381 343 1454 exitus
367 1382 598 1480 coniugiorum
625 1383 793 1467 civilium,
814 1399 848 1456 et
868 1383 926 1481 qui
945 1409 985 1456 ea
1002 1399 1197 1482 promovent
1222 1385 1349 1457 lavent·

233 1523 318 1596 quo,
338 1498 476 1570 exitium
496 1498 647 1572 societati
669 1499 805 1598 pariunt
821 1515 925 1597 atque
941 1515 1121 1571 extremam
1142 1499 1344 1597 perniciem,

232 1610 356 1684 lentam
381 1612 540 1712 quidem,
565 1610 627 1685 sed
650 1612 786 1685 omnino
812 1627 957 1699 oertam;
979 1638 1055 1684 cum
1074 1611 1205 1686 scilicet
1219 1612 1256 1684 hi
1275 1639 1360 1711 per·-

231 1725 353 1799 nioiosi
379 1725 507 1800 fructus
534 1726 577 1800 ad
600 1726 824 1798 maturitatem
851 1725 1075 1824 pervenerint.

305 1842 339 1912 Si
358 1842 416 1941 qui
434 1868 514 1915 vero
531 1858 612 1915 sunt
628 1841 708 1914 huic
726 1840 828 1914 classi
846 1840 1066 1927 accensendi,
1090 1839 1219 1939 absque
1244 1842 1348 1916 dubio

232 1957 360 2054 primus
378 1957 548 2044 obtinent,
571 1957 629 2056 qui
647 1956 753 2053 legem
778 1955 888 2056 ipsam
910 1955 1129 2028 sanciendam
1152 1973 1351 2054 proponunt

231 2072 274 2145 de
291 2073 459 2170 coniugiis
478 2073 655 2160 civilibus,
672 2098 874 2170 omnemque
891 2087 1026 2144 movent
1038 2070 1202 2169 lapidem,
1223 2086 1262 2143 ut
1278 2073 1348 2145 sul-

232 2187 413 2284 lragiorum
442 2189 666 2289 pluralitatem
696 2187 880 2261 obtineant.
911 2186 976 2273 Qui
1004 2187 1050 2261 ita
1076 2203 1181 2283 agunt
1205 2187 1349 2260 manile-

232 2320 322 2376 stant
335 2304 382 2376 nil
396 2303 490 2377 aliud
504 2304 571 2378 sibi
584 2305 792 2404 propositum
806 2302 949 2388 habere,
970 2328 1072 2401 quam
1090 2317 1127 2373 ut
1146 2301 1350 2384 catholicam-

231 2419 418 2491 doctrinam
446 2420 660 2518 impugnent,
687 2444 727 2492 ac
752 2419 933 2516 omniqua
959 2431 1102 2516 possunt
1127 2436 1197 2517 ope
1216 2436 1349 2490 morum

232 2534 452 2633 corruptelam
480 2535 578 2631 longe
602 2535 735 2634 lateque
762 2533 953 2606 diffundant
976 2532 1040 2604 sub
1058 2558 1264 2632 progressus
1283 2533 1347 2607 hu-

232 2648 402 2720 maniturii
427 2649 576 2723 obtentu.
595 2649 667 2722 Nisi
686 2649 730 2721 ab
749 2649 813 2724 hoc
831 2676 935 2723 censu
960 2648 1126 2748 quosdam
1146 2647 1232 2721 velis
1257 2648 1346 2721 exci-

146 2846 149 2851 ,
232 2790 334 2862 pere,
362 2765 421 2863 qui
447 2764 635 2862 ignorantia
656 2765 833 2852 laborant,
863 2791 903 2837 ac
931 2762 1197 2863 sophismatibus
1215 2764 1345 2863 specio

232 2879 349 2977 sisque
367 2878 521 2978 pluribus
540 2895 640 2979 atque
652 2879 899 2980 'apparentibus
925 2877 1130 2975 argumentis
1153 2876 1290 2976 decepti-
1305 2879 1346 2951 ad

230 3017 408 3094 pravorum
428 2995 615 3069 ¹consilium
638 2994 849 3094 probandum
876 3008 1111 3094 permoventur
1120 3048 1136 3077 ,.
1157 2992 1242 3091 quin
1268 3017 1349 3066 con-

230 3112 419 3187 secutiones
446 3111 596 3184 indidem
622 3111 858 3211 provenientes
886 3110 1092 3210 pervideant.

235 3274 239 3279 -
299 3227 419 3314 Nobis,
440 3228 587 3327 quirem
613 3242 710 3328 prout
727 3227 762 3299 in
780 3254 817 3300 se
834 3242 897 3312 est,
919 3224 1171 3326 spectavimus,¹
1188 3251 1231 3297 ex
1254 3248 1349 3324 prae-

230 3342 346 3414 missis
369 3343 568 3416 concludere
587 3344 655 3415 iam
674 3343 792 3427 liceat,
819 3341 915 3415 civile
930 3340 1121 3437 coniugium
1144 3354 1265 3419 natura
1283 3365 1348 3412 sua

230 3454 386 3553 publicae
410 3456 579 3530 honestati
606 3458 777 3531 adversari
790 3499 804 3544 ,›
818 3471 851 3528 et
872 3453 937 3529 sub
957 3453 1078 3554 quovis
1099 3469 1259 3551 respectu
1275 3477 1347 3526 mo-

231 3599 303 3644 rum
336 3574 558 3673 corruptelam
589 3598 809 3673 promovero,
844 3572 879 3643 in
904 3596 1046 3669 eamque
1079 3568 1270 3642 certissime
1295 3569 1351 3640 in-

230 3685 370 3774 ducero,
396 3704 494 3785 prout
512 3688 547 3758 in
569 3686 674 3761 huius
698 3686 831 3759 articul-i
856 3683 1092 3758 enunciatione
1114 3683 1351 3758 demonstran*

230 3803 310 3875 dum
336 3803 596 3902 assumpsimus.
