2872 5062
467 481 647 553 SEG'l'lss
674 482 882 555 ALTERA

354 693 424 782 DE
453 695 792 784 MATRIMONIO
828 691 1003 783 CIVILI.

629 864 726 882 uun—d

293 975 385 1046 CAP.
407 977 493 1046 l.-
506 1001 545 1050 nr
570 1001 757 1051 uarnrnorur
785 998 897 1050 civius
925 995 1059 1050 aaroni.

123 1170 201 1243 Aur.
224 1172 250 1242 l.
301 1171 550 1245 Matrimonium
567 1172 686 1260 civile,
708 1172 767 1246 ubi
787 1174 994 1273 publicatum
1013 1189 1064 1248 est
1077 1170 1136 1248 tri-

345 1286 518 1359 dentinum
533 1287 726 1373 concilium,
744 1302 863 1361 natura
881 1314 943 1361 sua
959 1288 1067 1386 turpis
1085 1304 1137 1360 est

345 1403 605 1490 concubinatus,
622 1420 656 1476 et
668 1404 873 1503 quicumque
888 1403 961 1482 solo
981 1402 1137 1500 coniugio

346 1515 437 1590 civili
452 1516 539 1590 inter
552 1543 590 1591 sc
604 1517 772 1590 coniuncti
793 1517 896 1590 vitam
917 1532 1041 1614 agunt,
1062 1543 1138 1616 poe
1228 1542 1233 1547 ·

348 1633 401 1705 nis
427 1632 470 1705 ab
496 1632 639 1706 ecclesia
656 1631 734 1706 latis
751 1648 866 1706 contra
886 1632 1038 1731 publicos
1062 1658 1139 1706 con·

347 1747 539 1821 cubiuarios
568 1747 701 1821 obnoxii
727 1764 806 1821 sunt
810 1804 1111 1821 ...................
1119 1778 1136 1817 n
1165 1745 1233 1820 tlt

126 1861 203 1934 Anr.
226 1860 269 1932 ll.
302 1862 550 1936 Matrimonium
584 1863 682 1937 civile
716 1878 835 1935 natura
864 1891 927 1936 sua
958 1862 1140 1962 opponitur

348 1977 552 2053 matrimonii
569 1976 744 2052 christiani
762 1977 1068 2065 indissolubilium,
1090 1979 1105 2050 l
1124 2023 1140 2033 -

349 2107 469 2190 vetque
494 2091 637 2165 divortio
647 2149 1110 2163 .............................
1112 2122 1135 2160 -n
1165 2093 1234 2164 att

127 2207 205 2282 dar.
226 2209 286 2280 lIl.
304 2207 551 2282 Matrimonium
583 2207 681 2282 civile
713 2224 833 2281 natura
864 2233 927 2280 sua
960 2207 1140 2308 opponitur

348 2322 552 2396 matrimonii
566 2322 741 2396 christiani
755 2321 888 2409 unitati,
904 2322 1057 2422 lavetque
1069 2348 1141 2395 ma-

352 2437 460 2510 teriali
474 2464 513 2511 ac
525 2437 624 2535 legali
646 2436 856 2537 polygamiae
861 2492 1113 2510 ................
1121 2467 1138 2507 u
1168 2437 1237 2510 m

127 2550 205 2624 dar.
228 2552 280 2624 IV.
301 2552 546 2626 Matrimonium
577 2552 676 2625 civile
708 2568 827 2625 natura
858 2578 921 2626 sua
945 2552 1141 2626 adversatur

350 2666 506 2768 publicae
530 2668 697 2742 honestati
726 2667 922 2768 inducitque
940 2667 975 2740 in
993 2683 1141 2768 apertam

351 2810 479 2858 morum
505 2784 726 2882 corruptelam
733 2841 1114 2857 ........................
1122 2813 1139 2854 n
1169 2784 1237 2856 233

129 2896 207 2970 Aac.
228 2898 265 2969 V.
299 2898 544 2972 Matrimonium
578 2898 676 2972 civile
706 2914 824 2972 natura
858 2926 921 2972 sua
954 2898 1062 2974 tendit
1098 2897 1141 2971 ad

352 3015 483 3086 ruinam
510 3013 657 3088 familiae
678 3031 711 3088 et
735 3015 904 3090 societatis
910 3072 1113 3087 .............
1121 3043 1147 3097 )>.Ι
1169 3015 1233 3086 221

202 3232 293 3305 CAP.
311 3235 355 3307 ll.
371 3261 411 3309 nn
429 3262 615 3312 uaraiuoun
633 3262 744 3312 civicis
764 3261 890 3312 omuino
908 3263 946 3312 nr
963 3261 1151 3312 rnocnrsso.

130 3448 208 3524 dar.
230 3452 257 3522 l.
308 3452 422 3550 Neque
440 3451 474 3522 in
492 3451 737 3540 ecclesiastica,
753 3479 862 3552 neque
880 3453 916 3525 in
929 3452 1063 3526 ethnica
1084 3479 1145 3524 an-

353 3566 507 3666 tiquitate
532 3567 731 3641 matrimonii
753 3569 864 3642 civilis
886 3569 979 3666 origo
999 3567 1143 3643 inveniri

354 3696 890 3781 potest..........................¹
898 3738 1116 3755 ..............
1125 3711 1142 3752 n
1172 3684 1239 3753 256

131 3795 210 3869 dar.
232 3797 275 3866 ll.
309 3797 420 3870 Prima
432 3797 526 3895 origo
539 3798 742 3871 matrimonii
757 3799 867 3872 civilis
884 3799 971 3871 inter
988 3797 1146 3871 christia-

353 3937 415 3985 nos
433 3938 453 3984 a
471 3913 741 4012 protestantismo
761 3913 940 4014 repetenda
957 3928 1009 3987 est
1014 3971 1117 3985 .......
1125 3943 1142 3982 n
1172 3914 1240 3984 tol

133 4026 210 4100 Aur.
231 4026 291 4099 lll.
307 4027 508 4102 Matrimonii
526 4028 635 4102 civilis
653 4028 803 4102 dilatatio
817 4044 849 4102 ct
863 4054 1064 4127 progressus
1077 4053 1145 4099 ma-

355 4171 421 4240 gna
440 4170 481 4216 ex
502 4161 595 4243 parte
620 4146 879 4233 incredulismo,
903 4145 1147 4219 communismo

354 4275 387 4333 et
410 4259 602 4336 socialismo
626 4260 765 4335 debetur
793 4262 909 4362 eisque
934 4262 1022 4336 lavet
1027 4320 1098 4332 .....
1108 4290 1139 4332 sn
1170 4260 1237 4330 219
