2872 5062
270 345 1139 399 cirrum.ianuariotnannnunrn.crv.mr.111.
1214 324 1280 398 tot

171 464 412 566 quidemsuit,
435 482 469 537 at
485 464 518 536 vi
545 464 631 561 legis
656 464 793 538 civilis:
822 465 889 539 iam
915 491 994 539 vero
1020 466 1111 565 quod
1135 465 1189 540 lex
1207 467 1285 543 lecit

173 596 283 682 potest
304 580 466 653 infectum
492 578 647 667 reddere,
669 580 736 654 imo
748 596 782 653 et
795 579 912 666 debet,
929 580 1008 653 dum
1035 579 1228 680 respublica
1249 583 1284 655 id

172 695 322 796 postulat
337 695 425 790 (tto).

628 873 815 974 Responsio.

239 1044 336 1117 Brevi
353 1061 484 1119 nosmet
502 1045 719 1143 expediemus
737 1045 781 1118 ab
798 1046 893 1121 hisce
910 1046 1082 1120 historicis
1103 1072 1282 1144 argumen-

168 1161 225 1233 tis.
255 1159 413 1246 Etenim,
442 1161 522 1233 data
548 1161 650 1233 etiam
674 1161 812 1234 veritate
838 1161 1000 1240 historica
1029 1187 1166 1248 eorum,
1195 1188 1282 1262 quae

166 1292 315 1350 emtores
341 1293 600 1365 recensuerunt,
624 1277 709 1348 nihil
729 1278 809 1350 inde
830 1304 890 1377 pro
911 1304 1027 1353 eorum
1050 1278 1137 1353 thesi
1163 1305 1281 1354 conse-

167 1407 337 1492 queretur.
367 1391 486 1465 Thesis
512 1392 601 1464 enim
626 1418 693 1465 non
720 1408 772 1466 est
796 1393 863 1465 nisi
890 1392 1089 1492 approbatio
1114 1392 1200 1491 legis
1222 1419 1282 1494 per

165 1534 269 1606 quam
293 1506 368 1581 sine
393 1518 472 1581 actu
495 1506 673 1603 religioso,
691 1533 759 1588 seu
784 1507 897 1605 potius
922 1507 996 1581 sine
1020 1508 1159 1607 parochi
1184 1534 1281 1608 prae·

164 1623 274 1696 sentia
292 1622 410 1695 haberi
428 1622 538 1721 possit
555 1639 726 1722 tamquam
742 1649 859 1696 verum
877 1623 1070 1720 coniugium
1089 1639 1279 1698 contractus

164 1765 255 1812 mere
268 1738 377 1814 civilis
396 1757 473 1839 post
490 1739 662 1812 tridentini
679 1740 804 1814 decreti
822 1738 1096 1839 publicationem.
1110 1741 1182 1813 lam
1198 1765 1279 1817 vero

165 1855 335 1929 simulac
356 1856 526 1930 decretum
552 1855 648 1930 illud·
662 1856 846 1929 solemnem
871 1855 990 1930 habuit
1015 1856 1278 1956 publicationem

163 1969 336 2070 aliquibus
350 1973 389 2042 in'
403 1970 505 2058 locis,
526 1971 740 2044 matrimonia
758 1970 890 2057 omnia,
916 1997 1004 2070 quae
1022 1970 1115 2043 iuxta
1136 1970 1278 2045 sormam

163 2085 247 2159 inibi
274 2085 516 2185 praescriptam
540 2112 618 2159 non
633 2084 867 2173 celebrantur,
896 2085 991 2159 nulla
1017 2101 1096 2160 sunt
1117 2110 1158 2158 ac
1184 2084 1278 2159 irrita

161 2225 231 2273 non
256 2200 368 2273 solum
394 2201 522 2275 ratione
544 2200 763 2286 sacramenti,
787 2226 904 2273 verum
926 2200 1026 2273 etiam
1047 2199 1176 2273 mtione
1198 2225 1277 2273 con·

162 2329 288 2388 tractus
302 2314 374 2388 sive
388 2315 498 2389 civilis
517 2316 588 2388 sive
605 2315 792 2388 domestici.
807 2315 922 2388 Totius
940 2315 1054 2414 itaque
1067 2313 1277 2413 quaestionis

160 2428 352 2504 substantia
376 2457 416 2505 eo
442 2444 768 2517 revocatur‚.utrum
791 2446 938 2529 potestas
956 2430 1067 2504 civilis
1086 2429 1197 2528 possit
1214 2456 1277 2504 nec

160 2571 204 2618 ne
229 2545 364 2620 abolere
388 2545 494 2643 legem
521 2547 657 2619 concilii
679 2547 906 2635 oecumenici,
928 2548 962 2619 in
989 2546 1052 2634 iis,
1081 2573 1170 2646 quae
1196 2574 1273 2646 per·

161 2661 269 2735 tinent
286 2662 330 2734 ad
348 2678 631 2736 sacramentorum
651 2662 990 2738 administrationem.
1013 2664 1085 2737 an
1101 2662 1277 2738 debuisset

161 2776 294 2850 ostendi
320 2777 489 2852 historicis
512 2778 738 2863 documentis;
760 2793 814 2851 ast
830 2778 895 2852 hoc
912 2795 982 2866 est,
1004 2778 1094 2878 quod
1110 2777 1275 2877 prudente

161 2892 301 2968 silentio
325 2894 600 2994 praetermissum
625 2910 688 2967 est.

238 3011 302 3082 Per
325 3010 423 3108 plura
449 3009 563 3083 secula
580 3009 792 3082 matrimonia
809 3011 884 3082 sine
901 3010 966 3082 ritu
985 3008 1142 3105 religioso
1159 3005 1276 3080 habita

162 3142 243 3198 sunt
266 3124 393 3200 valida.
415 3125 504 3211 Quid
531 3123 637 3197 inde?
663 3125 734 3199 Hoc
759 3124 869 3198 solum
903 3124 1145 3222 consequitur,
1172 3122 1276 3197 bene-

163 3242 342 3314 dictionem
369 3241 609 3315 sacerdotalem
627 3267 694 3314 non
712 3241 838 3341 requiri
860 3240 1071 3328 neeessari03
1096 3239 1187 3340 quod
1212 3266 1276 3314 nos

163 3384 230 3430 non
256 3357 354 3430 modo
380 3358 624 3444 concedimus,
653 3358 712 3430 sed
737 3372 770 3428 et
794 3355 1020 3430 vindicamus.
1050 3355 1170 3429 Verum
1197 3355 1276 3429 inde

161 3473 355 3547 nullatenus
368 3474 534 3573 sequitur,
557 3475 631 3547 sine
649 3473 787 3571 parochi
806 3473 997 3572 praesentia
1011 3489 1088 3572 post
1101 3471 1274 3546 tridentini

160 3589 424 3688 publicationem
449 3590 700 3662 matrimonium
724 3589 837 3662 valide
864 3589 955 3661 iniri.

231 3703 275 3777 At
286 3719 476 3802 praeterea,
496 3731 575 3777 vera
589 3730 632 3777 ne
645 3721 724 3777 sunt
737 3730 971 3806 quaecumque
983 3719 1154 3805 tamquam
1172 3703 1274 3778 histo

160 3820 230 3924 rica
249 3820 385 3893 luerunt
402 3819 554 3918 prolata?
567 3820 693 3893 Revera
712 3820 827 3893 ludaei
855 3847 988 3920 semper
1008 3820 1198 3917 religiosam
1215 3818 1274 3892 ali·

234 4059 286 4122 (9⁰)
298 4061 402 4110 senato
416 4065 454 4111 2⁰.
465 4059 577 4110 Dicemb.
992 4075 995 4082 ¹

230 4139 351 4190 consulto
362 4139 514 4203 praetermisi
524 4139 585 4189 alias
595 4138 767 4202 dhfiemmtas,
777 4153 840 4203 quac
850 4140 988 4191 referuntur
997 4141 1028 4190 ad
1038 4141 1181 4204 potestatem
1192 4139 1273 4201 legum

157 4219 312 4270 ferendarum
322 4219 388 4270 circa
395 4219 580 4270 nutrimentum
591 4219 624 4269 de
633 4233 684 4283 qua
696 4221 779 4271 actum
790 4222 827 4271 est
840 4221 865 4270 in
876 4219 983 4270 comitiis
993 4221 1018 4270 et
1029 4221 1114 4271 senatu
1125 4218 1272 4282 subalpinis,

87 4363 89 4367 .
157 4300 271 4362 quiahoc
281 4303 313 4352 de
324 4303 468 4364 argumento
480 4314 579 4363 agemus
590 4301 616 4351 in
627 4301 705 4350 altero
715 4301 787 4352 libro.
