2872 5062
252 361 322 416 ιιι.
335 362 382 418 ιιι.
397 363 440 416 oe
457 361 615 419 mmmm.
631 362 702 414 ιιι.
720 362 767 417 m.
783 362 903 423 incra.
920 364 1126 419 inroretur.
1192 347 1239 421 et

131 479 275 565 ecclesia
303 481 529 580 pmdentera
558 479 717 580 cogendis
751 480 908 556 fidelibus
938 483 981 554 ad
1011 484 1244 563 renovandum

131 621 242 671 eoram
268 595 440 669 sacerdote
464 620 666 668 eonsensum
690 593 852 682 abstinet;
873 612 943 669 tum
968 597 1049 696 quia
1073 598 1190 697 plura,
1210 599 1242 674 si

131 711 166 783 id
182 710 330 808 generali
355 709 542 783 sanciretur
565 709 660 806 lege,
687 708 854 782 orirentur
879 711 1088 784 incommoda
1103 715 1191 809 (20).

204 825 317 899 Robur
339 824 420 898 buie
444 837 638 922 argumento
664 823 794 898 aceedit
817 851 884 898 non
907 826 1084 899 minimum
1109 855 1150 901 ex
1174 827 1243 904 illie

130 940 374 1028 matrimoniis,
402 966 490 1039 quae
514 943 549 1013 in
573 941 684 1013 radice
708 941 842 1028 sanari,
872 967 933 1014 seu
962 942 1167 1017 convalidari
1192 945 1245 1018 di-

131 1072 270 1145 cuntur,
299 1082 376 1129 cum
402 1055 530 1130 scilicet
554 1056 820 1144 matrimonium,
849 1058 939 1156 quod
964 1084 1005 1130 ex
1030 1056 1143 1158 aliquo
1161 1059 1244 1135 vitio

129 1170 257 1247 occulto
269 1169 400 1243 irritum
412 1168 511 1258 loret,
524 1195 601 1244 cum
614 1169 734 1245 initum
746 1186 813 1258 est,
827 1169 869 1247 ab
879 1169 1023 1247 eeclesia
1036 1197 1096 1271 per
1107 1171 1242 1273 dispen-

128 1285 293 1363 sationem
316 1283 361 1359 ab
384 1284 515 1359 occulto
541 1284 707 1361 eiusmodi
735 1285 992 1384 impedimento,
1021 1301 1129 1361 ramni
1158 1287 1244 1363 vali·

129 1400 277 1499 dumque
305 1397 400 1475 frtri
425 1425 610 1476 consensus
642 1399 812 1477 moraliter
843 1400 1115 1499 perseverantis,
1152 1400 1245 1479 nulla

128 1514 181 1595 vel
202 1514 416 1603 alterutrius,
439 1514 493 1591 vel
509 1515 685 1615 utriusque
701 1503 904 1614 quandoque
931 1515 1084 1614 coniugis
1108 1542 1245 1595 renote-

130 1630 220 1707 tione
230 1655 432 1707 consensus.
444 1629 519 1717 Quo
531 1629 566 1701 in
578 1655 659 1707 casu
672 1645 846 1727 exurgeret
861 1645 1107 1705 sacramentum
1123 1630 1242 1713 insciie

130 1742 423 1831 contrahentibus,
447 1769 509 1820 seu
530 1743 712 1832 ministris,
731 1743 822 1843 quod
840 1743 1024 1819 absurdum
1049 1743 1147 1843 plane
1171 1759 1240 1836 est,

131 1859 263 1939 nullum
286 1884 367 1937 vero
389 1872 482 1935 esset
505 1857 706 1949 absurdum,
735 1858 767 1933 si
792 1873 997 1935 contractum
1030 1858 1241 1936 solummodo

129 2001 291 2074 exurgere
314 1974 480 2053 diceretur
494 1976 584 2071 (21).
1214 1989 1216 1993 ·

200 2089 295 2169 ldem
323 2088 379 2167 die
402 2090 447 2163 de
476 2089 545 2165 illis
571 2089 753 2188 coniugiis,
793 2115 880 2188 quae
907 2088 961 2163 vel
989 2089 1034 2167 ab
1063 2088 1242 2187 haereticis

130 2203 370 2283 contrabuntur
395 2230 505 2281 coram
530 2204 603 2279 eolo
624 2206 820 2302 magistratu
844 2203 954 2293 civili,
979 2204 1033 2280 vel
1058 2229 1079 2276 a
1103 2203 1243 2280 catholi-

130 2320 199 2410 cis,
225 2320 287 2420 qui
316 2319 521 2397 connubium
546 2319 684 2419 quidem
710 2319 828 2393 ineunt
850 2344 962 2393 coram
988 2318 1151 2407 ecelesia,
1180 2317 1241 2397 sed

20 2439 27 2449 “
130 2435 262 2536 absque
298 2433 480 2509 intentione
511 2433 712 2507 conficiendi
743 2448 999 2520 sacramentum,
1032 2432 1075 2505 de
1100 2457 1167 2531 quo
1195 2458 1241 2513 ue

131 2551 280 2651 cogitent
304 2548 461 2649 quidem,
489 2573 566 2623 oum
592 2547 744 2646 ignorent
760 2572 797 2623 se
814 2547 916 2623 buius
942 2546 1141 2621 sacramenti
1165 2572 1242 2623 esee

131 2665 316 2739 ministros.
334 2664 405 2736 lmo
423 2661 621 2761 plerumque
638 2661 773 2735 nonnisi
791 2660 939 2737 carnalia
955 2675 1065 2738 mente
1088 2659 1239 2749 volvunt,

132 2779 214 2861 dum
228 2805 268 2859 oe
282 2793 400 2857 mutuo
415 2802 583 2853 consensu
600 2776 813 2876 obstringunt
833 2778 922 2874 (22).
938 2774 1161 2862 Quamobrem
1178 2775 1242 2846 mi-

132 2919 208 2966 rum
219 2918 374 2969 essenon
387 2890 486 2967 debet
502 2891 532 2964 si
549 2891 748 2965 Benedictus
765 2891 848 2964 xlv.
862 2891 897 2962 in
909 2890 1123 2965 celeberrimo
1139 2915 1240 2988 opere

130 3008 180 3083 De
196 3006 319 3109 synodo
338 3005 525 3081 dioeceseon
542 3005 602 3077 lib.
618 3006 705 3079 Vlll.
722 3032 797 3106 cap.
812 3006 902 3079 Xlll.
918 3033 952 3078 n.
968 3006 1001 3079 1.
1019 3003 1238 3093 sententiam,

129 3149 218 3224 quae
235 3121 381 3203 adstruit
397 3120 604 3198 sacerdotem
622 3145 698 3200 esse
714 3119 816 3195 buius
834 3118 1034 3198 sacrementi
1050 3115 1240 3195 ministrum

131 3239 227 3320 ualde
247 3237 454 3338 probabilem
478 3235 593 3314 edixit.

201 3467 253 3532 (ιο)
268 3468 307 3517 lte
319 3465 413 3518 sebast.
420 3465 520 3517 &randi
530 3465 555 3515 in
564 3467 705 3517 comerent.
718 3467 746 3516 tn
756 3468 798 3517 tus
808 3463 950 3516 ecclesiast.
960 3466 1114 3517 universum
1124 3464 1186 3514 tom.
1195 3464 1239 3517 ru.

129 3545 189 3598 dies.
201 3548 225 3597 1.
235 3559 262 3611 q.
273 3553 296 3598 t.
308 3544 490 3597 Taurunum.
503 3557 557 3609 pag.
569 3550 598 3595 28
609 3557 678 3608 seqq.

200 3625 253 3690 (ιι)
269 3627 308 3676 lte
316 3626 395 3689 Boyer
403 3624 470 3689 apud
480 3624 592 3676 certiore
601 3625 678 3688 emet
688 3623 737 3675 loe.
745 3623 789 3676 cit.

200 3704 252 3773 (rt)
267 3707 335 3757 Haec
344 3704 472 3769 mereins
482 3704 545 3757 mtto
556 3705 606 3768 eet,
618 3716 667 3768 que
677 3705 803 3769 permotus
812 3705 850 3757 eet
858 3704 959 3757 stattler
968 3704 996 3753 ut
1005 3703 1130 3767 assereret,
1140 3700 1239 3767 dogma·

127 3785 178 3836 tice
193 3785 225 3836 ab
240 3783 345 3843 ecelesia
359 3783 454 3836 definiri
465 3797 536 3850 posse
548 3783 698 3836 sacerdotem
708 3782 848 3835 ministrum
859 3797 912 3836 esee
922 3783 1067 3836 moramentl
1076 3778 1238 3843 matrimonii,

127 3867 203 3931 prout
220 3867 295 3919 antee
314 3865 452 3917 mmllmus.

661 4080 709 4106 ιιιμ
