2872 5062
222 306 290 386 'stt
407 329 475 388 tn.
497 339 520 389 1.
542 336 778 389 saccutum.
804 339 843 388 uu
860 337 991 389 urrarx.
1013 337 1120 389 artur.

218 455 366 551 gamiam
390 448 530 552 legalem
555 472 723 555 tamquam
746 454 930 528 remedium
954 469 1178 553 opportunum
1204 457 1331 531 consti-

216 587 329 658 tuere,
356 571 441 643 nihil
462 588 534 659 est,
559 572 648 671 quod
674 571 793 646 obstet.

221 688 246 740 ἱ
292 686 402 759 Huius
424 687 473 759 rei
499 687 660 759 indicium
685 687 865 761 vehemens
892 687 1029 786 praebet
1050 687 1230 786 propensio
1248 686 1325 774 illa,

219 828 305 903 quae
327 803 361 873 in
381 802 455 875 dies
475 802 585 899 magis
601 827 642 874 ac
658 803 765 899 magis
787 802 822 873 in
840 802 940 876 rebus
958 802 1160 902 quibusdam
1181 802 1330 902 publicis

219 918 335 1017 patefit
355 918 394 989 iu
419 917 746 1016 protestantismum,
768 918 826 1016 qui
844 934 952 991 aetate
972 918 1036 990 hac
1062 935 1176 992 nostra
1188 944 1259 993 non
1277 936 1332 993 ast

219 1033 285 1106 'nisi
306 1032 446 1132 pallium
460 1031 616 1118 aclarva,
638 1057 706 1129 qua
723 1057 760 1104 se
777 1032 993 1106 incredulitas
1011 1034 1171 1131 contegit,
1188 1049 1222 1106 et
1238 1034 1330 1133 quod

219 1172 431 1247 consequens
444 1163 519 1234 est,
546 1146 646 1219 loeda
670 1172 798 1220 morum
823 1147 1003 1247 corruptio.
1020 1147 1117 1221 Hunc
1132 1173 1210 1222 vere
1227 1147 1329 1221 finem

218 1261 355 1335 unicum
380 1260 517 1349 dixeris,
538 1260 581 1334 ob
598 1286 698 1360 quem
717 1274 767 1333 tot
786 1258 932 1333 libertini
958 1277 991 1333 et
1016 1260 1179 1334 increduli
1200 1263 1330 1360 praesi-

219 1375 286 1449 diis
312 1375 468 1449 omuibns
488 1375 683 1450 adnituntur
704 1371 1015 1473 protestantismum
1037 1372 1246 1474 promovere,
1268 1403 1329 1451 scu

218 1488 332 1592 potius
353 1489 616 1590 protestantismi
640 1515 773 1575 nomeu,
802 1514 869 1587 quo
895 1488 1026 1562 facilius
1051 1488 1211 1589 populum
1238 1491 1331 1564 deci·

218 1606 325 1705 piant.
343 1607 426 1677 Nam
444 1605 502 1703 qui
514 1603 567 1676 ¹¹ita
586 1618 664 1675 sunt
684 1602 796 1676 animo
822 1605 1021 1701 comparati,
1042 1630 1109 1677 non
1126 1605 1235 1701 magis
1252 1631 1330 1706 pro-

219 1720 428 1795 testantismo
450 1744 552 1818 quam
563 1716 733 1790 ecclesiae
754 1717 854 1790 fidem
872 1719 1070 1816 adiungunt.
1088 1720 1263 1795 Eiusmodi
1282 1721 1330 1795 si-

219 1828 535 1937 quidem'homiuee
561 1832 765 1932 experientia
789 1833 896 1907 edocti
922 1834 1047 1908 sacculi
1078 1835 1208 1935 elapsi,
1237 1836 1328 1936 quod

218 1978 285 2026 non
318 1950 426 2049 possit
460 1947 701 2042 incredulitas,
727 1974 787 2020 seu
817 1947 1107 2048 philosophismus
1134 1949 1330 2025 incredulus

218 2068 349 2142 radices
373 2066 477 2164 ligare
496 2064 587 2138 inter
611 2062 790 2163 populum,
809 2065 839 2136 si
857 2065 967 2137 nudus
993 2083 1214 2164 proponatur,
1239 2092 1330 2142 nunc

217 2184 378 2284 temporis
403 2208 498 2270 eum,
518 2196 555 2253 ut
572 2180 621 2252 ita
637 2179 772 2280 loquar,
791 2180 940 2252 vestiunt
955 2181 1218 2278 protestantismi
1235 2182 1329 2257 larua

218 2328 259 2376 ac
276 2301 427 2388 nomine,
454 2297 633 2399 quemdam
645 2296 676 2368 ei
694 2296 888 2370 exteriorem
909 2296 1103 2393 religiosum
1129 2315 1327 2398 apparatum

219 2406 451 2501 circumdant,
481 2428 518 2484 ut
542 2411 587 2484 ita
612 2410 878 2484 incredulitatem
904 2411 1029 2511 populo
1055 2413 1201 2502 erranti,
1227 2430 1263 2487 et
1285 2415 1328 2488 ab

217 2529 381 2604 ecclesiae
393 2527 471 2599 sinu
484 2523 795 2599 abstractotacrlius
813 2515 1005 2623 propinent.
1022 2525 1196 2600 Eiusmodi
1216 2544 1327 2602 autam

218 2640 482 2743 protestantismi
505 2639 598 2713 larra
624 2637 726 2712 semel
747 2639 895 2726 inducta,
919 2638 1044 2713 nullius
1060 2642 1184 2738 negotii
1198 2668 1252 2716 res
1265 2643 1328 2717 erit

218 2757 430 2859 polygamiae
450 2752 635 2836 libertatem
653 2781 866 2856 promovere,
889 2757 1091 2854 persuadere
1107 2773 1209 2858 atque
1225 2760 1327 2833 etiam

219 2875 352 2950 sancire
375 2873 459 2972 lege.

291 2991 477 3065 decedente
497 2990 630 3064 demum
656 2989 919 3077 communismo,
943 2990 1002 3088 qui
1020 3016 1041 3062 a
1057 2991 1326 3090 protestantismo

218 3109 343 3209 pariter
370 3109 544 3206 gignitur,
578 3107 703 3209 quique
730 3108 819 3182 vires
848 3132 980 3206 semper
1007 3106 1180 3182 ulteriores
1209 3109 1327 3208 acqui-

219 3224 263 3326 rit
281 3225 370 3319 (ll),
387 3223 554 3323 quomodo
580 3224 700 3323 poterit
724 3223 832 3298 civilis
858 3222 1055 3309 auctoritas,
1077 3249 1168 3322 quae
1187 3224 1219 3296 ei
1236 3225 1325 3298 viam

218 3338 353 3426 stravit,
381 3365 532 3413 amovere
557 3333 799 3440 polygamiam,
819 3364 908 3437 quac
924 3353 1094 3436 tamquam
1118 3338 1232 3414 minus
1257 3366 1327 3413 ma-

216 3449 289 3524 lum
309 3452 451 3526 habetur
475 3480 575 3552 quam
601 3455 792 3552 promiscua
812 3451 1031 3525 foeminarum
1047 3453 1263 3529 communio?
1333 3453 1335 3457 ’

216 3566 218 3574 ’
292 3566 343 3639 En
369 3567 481 3667 itaque
498 3594 566 3666 qua
582 3567 710 3642 ratione
726 3593 767 3650 ex
783 3566 891 3665 primo
912 3565 1037 3640 annulo
1058 3582 1126 3639 tota
1149 3583 1327 3642 connecta-

220 3699 274 3757 tur
289 3698 424 3772 oatena,
440 3684 602 3784 abeoquo
618 3684 773 3783 pendeat.
795 3682 1040 3757 concludamus
1055 3683 1171 3782 itaque
1187 3711 1327 3759 necasse

216 3809 271 3887 [est
293 3798 506 3873 verissimum
532 3797 666 3872 omnino
691 3824 792 3885 esse,
827 3798 917 3898 quod
948 3797 1227 3888 enunciavimus,
1256 3799 1326 3874 sive

294 3976 345 4040 (to)
360 3977 398 4027 cl.
407 3975 641 4029 ascenaentem
653 3976 691 4028 dn
704 3980 888 4028 commentante
903 3977 1036 4041 quatrieme
1047 3977 1106 4028 cdtt.
1117 3977 1245 4044 ttrunelles¹
1257 3985 1324 4030 teto.

120 4119 122 4123 Ι
220 4055 557 4120 cnap.xv.suiv.1tam1.r.
569 4057 702 4108 theriacen
719 4060 753 4108 te
770 4057 915 4108 rmtatnma
925 4055 1329 4133 tcpotrt’anttqutttjusqotto

217 4137 387 4187 constitution
399 4135 538 4198 ‚truncatae
555 4135 593 4188 ctu
613 4141 649 4188 tt.
670 4139 781 4188 tanotcr
798 4143 866 4188 1852.
882 4137 977 4188 touatn
995 4143 1063 4188 1852.
1079 4139 1141 4188 tom.
1158 4139 1178 4188 1.
1194 4137 1268 4203 chap.
1285 4139 1327 4188 vt.

218 4208 362 4266 Praesertim
374 4227 433 4266 vero
450 4215 572 4280 egreglurn
587 4230 649 4281 opus
659 4217 761 4280 Augusti
775 4217 872 4268 Nicetes
883 4221 926 4268 Du
938 4219 1152 4282 protestanttsrne
1162 4220 1188 4288 et
1198 4218 1232 4269 dc
1243 4221 1328 4270 tontes

219 4293 455 4348 retransmeant
469 4297 540 4349 leurs
554 4300 677 4362 rapporn
693 4310 756 4349 accc
771 4298 795 4348 te
810 4298 963 4349 sortottnne.
981 4298 1050 4348 Parte
1065 4305 1132 4351 test.
