2872 5062
167 370 186 439 i
366 393 428 444 um.
451 395 474 442 ι.
498 395 584 444 secr.
607 396 690 444 rnna
718 395 849 445 unrnru.
872 395 1085 449 scansurum.

166 536 226 582 scu
257 509 325 588 sub,
351 511 451 583 finem
485 511 590 584 seculi
625 512 662 582 V.
690 512 824 611 dequo
854 514 1013 613 peculiari
1045 516 1173 589 ratione
1201 540 1277 590 mos

163 651 314 723 agemus.
345 627 481 700 Interim
514 627 809 701 animadvertimus
836 629 871 700 in
896 630 1002 704 tribus
1032 631 1197 703 eiusmodi
1222 658 1277 704 or·

162 741 300 816 dinibus
325 743 573 817 matrimonium
600 744 768 843 conceptis
793 745 905 817 verbis
926 761 1162 818 sacamentum
1188 766 1275 819 nun-

161 858 358 957 cuparilli).
376 858 426 930 nd
444 857 534 956 quod
553 876 798 931 sacramentum
822 877 995 959 propterea
1012 861 1074 933 rite
1092 861 1278 960 suscipien-

160 971 240 1043 dum
262 971 298 1044 in
321 971 443 1043 iisdem
475 970 594 1044 aliisve
615 971 792 1046 ordinibus
814 973 1051 1072 praescribitur
1070 989 1277 1072 peccatorum

161 1087 318 1185 consessio
341 1088 405 1180 (b).
434 1084 483 1156 Ex
513 1083 568 1158 bis
597 1110 676 1160 vero
701 1085 903 1173 ritualibus,
937 1104 995 1159 aut
1023 1086 1275 1185 pontificalibus

160 1197 321 1273 nonnulla
345 1213 422 1278 ante
444 1198 643 1295 octigentos
670 1216 872 1295 nongentos,
894 1216 951 1272 aut
975 1200 1074 1273 etiam
1099 1200 1192 1272 mille
1217 1227 1278 1272 an-

160 1341 224 1399 nos
249 1330 382 1389 exarata
408 1331 497 1388 sunt.

233 1429 392 1504 Omnium
410 1447 520 1504 autem
538 1431 812 1530 antiquissimum
830 1447 882 1504 ost
894 1431 1033 1505 Missale
1050 1431 1273 1528 gelasianum,

161 1545 252 1645 quod
274 1546 446 1627 ‚omnium
466 1546 594 1646 primus
612 1545 776 1643 ‚uulgauit
800 1546 837 1618 b,
852 1546 946 1619 card.
976 1546 1198 1634 Thomasius,
1230 1549 1278 1620 si-

160 1661 297 1761 mulque
311 1663 422 1737 ‘certis
443 1663 649 1760 argumentis
671 1662 817 1737 ostendit
834 1664 1117 1736 Sacrameatorum
1135 1664 1275 1748 librum,

160 1778 216 1856 uti,
230 1777 440 1865 inscribitur,
467 1805 498 1852 s.
519 1777 652 1858 Gelasio
673 1803 753 1851 vero
770 1777 846 1850 eius·
861 1778 988 1852 auctori
1015 1776 1276 1851 adscribendum

158 1919 247 1976 asse.
277 1895 396 1994 ltaque
413 1894 449 1967 in
467 1893 527 1967 lib.
548 1895 910 1967 {lineamentorum
937 1920 966 1966 s.
989 1893 1113 1968 Gelasii
1134 1895 1279 1967 occurrii

159 2008 463 2111 ActiaNuptials's,
493 2009 527 2082 id
552 2026 605 2085 cst
629 2010 797 2083 celebritas
822 2011 1031 2108 nuptiarum,
1066 2035 1154 2109 quac
1184 2010 1277 2082 iuxta

159 2141 303 2198 veterem
323 2144 448 2199 morem
468 2124 570 2199 fiebat
591 2116 680 2199 inter
696 2125 887 2219 missarum·
899 2121 1064 2198 solemnia
1085 2126 1155 2221 (i),
1180 2125 1216 2197 in
1236 2151 1278 2198 ea

160 2242 486 2342 gratiaexposcitur
510 2257 548 2316 ut
572 2242 736 2317 nubentes
763 2241 964 2326 sanctificat,
987 2265 1114 2339 eosque
1138 2240 1277 2314 idoneos

159 2357 288 2438 addat,
300 2357 478 2437 admunia
495 2357 683 2456 coniugalis
702 2359 810 2432 statas
829 2357 892 2429 rita
908 2354 1081 2449 obeunda,
1101 2381 1189 2456 quas
1205 2382 1279 2454 gra·

138 2469 563 2571 ‘tiaestysaaramcntaliffi
583 2497 624 2545 ac
642 2487 817 2570 praeterae
835 2470 919 2567 leues
941 2467 1036 2542 alatae
1053 2468 1210 2543 dicuntur
1225 2472 1279 2542 in-

158 2574 281 2657 stituta
298 2586 446 2684 saturae,
468 2584 502 2655 id
528 2601 581 2657 cst
603 2584 688 2681 legis
716 2610 840 2670 novae,
861 2608 949 2683 quae
966 2583 1126 2657 connubii
1142 2584 1277 2658 vincula

160 2699 459 2799 adsensionem
487 2715 614 2774 statum
645 2699 785 2774 adduxit
812 2701 887 2794 (8),
917 2714 987 2772 tum
1012 2699 1062 2773 eis
1087 2701 1279 2775 communio

161 2814 396 2911 distribuenda
413 2816 628 2916 praecipitur.
646 2815 741 2902 Quac
757 2814 894 2916 quidem
911 2815 1025 2889 omnia
1042 2814 1153 2915 palam
1170 2831 1278 2889 osten

232 2985 267 3048 (5)
283 2984 430 3035 Huiusmodi
445 2986 483 3036 est
501 2983 563 3034 ordo
582 2987 647 3035 xiv.
664 2999 693 3035 ex
717 2985 800 3035 rituali
819 2984 936 3036 leodiensi
952 2985 977 3034 in
994 2995 1045 3047 quo
1062 2982 1165 3046 iegitm:
1186 2981 1279 3057 uilitas

158 3078 188 3128 ac
199 3066 280 3116 iorme
296 3064 439 3126 solemniter
453 3064 592 3116 aiennaci
607 3068 803 3116 souamentuta
815 3066 1001 3117 matrimonii»
1010 3063 1070 3114 aiter
1081 3063 1124 3125 qui
1134 3065 1171 3113 est
1183 3065 1238 3112 iiii.
1246 3075 1279 3115 ex

157 3146 233 3196 veteri
249 3146 339 3196 liitoali
355 3145 498 3196 lemoviensi
511 3145 572 3196 haec
587 3145 673 3196 bebai:
693 3167 705 3189 «ι
715 3145 804 3209 Incipit
821 3145 908 3195 rnodus
919 3140 1109 3194 administrandi
1112 3144 1278 3192 matrimonii

156 3230 375 3277 sacramentam.»
382 3227 499 3278 Similiter
509 3227 598 3290 legitur
608 3228 633 3277 in
645 3227 730 3277 ordina
741 3230 794 3277 XV.
802 3226 834 3278 de
843 3241 893 3290 qrro
904 3240 962 3277 moa
972 3226 1060 3276 iterum
1071 3222 1187 3273 dicemus.
1195 3224 1282 3275 ebbe

158 3309 276 3371 antiquis
294 3307 385 3358 eccles.
397 3306 557 3358 ritib.iib.1.
569 3321 621 3370 par.
635 3309 666 3357 ii.
678 3319 733 3370 cap.
747 3310 843 3357 ix.art.
857 3309 887 3356 v.

234 3386 268 3450 (o)
289 3386 330 3437 Sic
339 3387 367 3436 in
375 3386 465 3437 ordine
475 3389 539 3436 xiv.
553 3406 565 3430 u
576 3387 670 3437 Danda
682 3386 761 3450 pridie
771 3400 844 3450 quam
857 3398 961 3450 sponsus
972 3388 996 3434 st
1005 3395 1094 3447 sponsa
1104 3385 1281 3433 casamenta*

159 3468 221 3519 liter
232 3467 392 3530 mulcebant,
404 3466 533 3529 diligenter
542 3479 569 3518 se
579 3468 758 3530 preparabant
768 3467 800 3517 ad
812 3465 1001 3528 consessionem
1010 3462 1238 3514 sacramentalem.
1247 3464 1279 3511 in

157 3549 244 3598 ordine
258 3562 316 3599 vcro
327 3549 430 3612 allegato
441 3550 493 3598 XV.
506 3562 535 3598 cx
548 3548 638 3598 Rituali
649 3548 804 3598 ambrosiano
815 3547 918 3597 dicitur:
933 3549 1002 3610 «ipsc
1011 3543 1131 3608 parochus
1140 3555 1280 3593 sermnem

159 3626 259 3678 hebebit
273 3627 305 3677 de
315 3626 357 3690 ri,
370 3627 498 3678 unalitate
515 3630 540 3678 ct
559 3628 704 3677 ceremoniis
724 3627 804 3678 baius
820 3626 1021 3675 sacramenti...
1032 3634 1137 3686 sponsis
1150 3622 1175 3672 et
1189 3633 1279 3685 sponse

160 3707 217 3757 anie
227 3707 464 3758 consummationem
479 3706 646 3767 matrimonii,
655 3709 767 3771 peccata
778 3704 890 3767 suffusi
901 3707 964 3754 etc.»
973 3704 1011 3753 ci.
1022 3702 1084 3752 ibid.

235 3785 270 3850 (7)
287 3785 326 3837 bi.
341 3788 401 3836 Van.
412 3789 466 3836 ciri
478 3785 580 3849 iosepitt
588 3789 692 3836 Martae
705 3784 908 3836 Tbmncsticiur.
914 3782 999 3845 requi.
1008 3785 1033 3832 s.
1044 3784 1074 3831 ii.
1084 3781 1119 3831 ii.v
1126 3779 1277 3830 cardinalis

158 3879 236 3930 encra
248 3855 336 3916 omnic
347 3865 480 3915 odiiranc.
488 3865 587 3916 vcsaosi
597 3868 689 3916 Romae
700 3860 1055 3924 t751.iosn.vi.i'ruqt.iibri
1066 3863 1118 3910 tres
1127 3871 1277 3910 sacoma·

158 3948 247 3996 totum
258 3946 387 4008 iiiipag.
395 3946 427 3994 ii.
439 3957 508 4008 seqq.
519 3947 628 3995 Necnon
639 3948 727 3995 Frena.
735 3943 873 3994 venzosiia
883 3953 979 3992 nouam
994 3940 1133 3990 editionem
1142 3938 1278 4004 maetam

157 4025 417 4091 sessiacensem
432 4026 453 4076 is
467 4025 585 4076 adrasus
605 4028 655 4076 iac.
667 4025 814 4087 basnagium
831 4037 875 4086 pro
897 4021 1043 4084 antiquitate
1062 4034 1109 4070 ms.
1127 4017 1276 4071 thomasiani

158 4107 275 4170 disputat.
287 4108 339 4156 iios
354 4107 421 4170 ipsos
431 4119 452 4156 s.
461 4106 551 4156 Gelasii
563 4107 772 4156 sacramentorum
790 4103 866 4153 iibros
881 4104 964 4165 posteo
975 4114 1004 4152 ex
1016 4114 1061 4152 ms.
1075 4100 1178 4152 remensi
1189 4099 1215 4149 ct
1224 4098 1275 4162 gal·

156 4186 250 4237 boensi
269 4198 309 4235 an.
320 4192 375 4236 eoo.
385 4186 516 4248 vulgarunt
526 4187 598 4248 liuga
609 4183 740 4235 Meuardus
752 4185 777 4232 iu
789 4181 893 4245 append.
909 4180 939 4231 ad
959 4180 1173 4232 ncrsnenuriun
1187 4191 1208 4230 s.
1220 4179 1278 4229 Gre-

157 4266 219 4329 gorii
230 4268 263 4316 ii.
274 4267 299 4316 et
309 4266 443 4316 Marianos
459 4266 476 4315 i.
490 4279 511 4315 c.

233 4333 268 4408 (a)
284 4347 360 4397 Proui
371 4345 442 4397 docte
453 4345 555 4408 exponit
563 4343 696 4394 benardus
704 4344 730 4392 in
741 4343 798 4392 nois
811 4345 879 4404 itti.
