2872 5062
224 359 269 429 96
427 379 488 432 nn.
509 381 533 430 r.
555 377 640 432 sacr.
662 381 685 429 r.
705 379 746 430 nr
763 376 894 432 uerna.
915 381 1129 435 sacrarium.

631 564 795 624 &APUT
816 567 885 623 lv.

335 716 563 768 narrabuntur
594 717 783 769 eutulanus
816 719 934 768 ALLA‘lA
964 720 1022 768 rao
1055 719 1226 770 sannarum
1328 742 1329 746 ¹

368 815 408 864 DE
425 814 601 865 sacnnnoru
619 814 1002 867 cnnlsr1art1narnlrr0rt11
1020 816 1179 870 nrnlsrnu.

651 948 858 1006 ARTICULUS
878 950 900 1004 l.

609 1065 788 1145 Argumenta
807 1066 929 1128 Btbllca.

224 1211 230 1216 ·
292 1187 409 1262 blaiori
433 1212 502 1287 qua
525 1186 623 1262 nobis
655 1187 770 1262 datum
795 1203 847 1262 ost
870 1188 1106 1288 perspicuitate
1130 1214 1170 1262 ac
1192 1189 1227 1263 vi
1253 1215 1330 1291 pro-

220 1303 396 1404 posuimus
419 1317 634 1400 argumenta,
655 1328 741 1402 quae
757 1318 828 1375 tum
845 1302 976 1390 Canus,
997 1319 1066 1377 tum
1085 1302 1158 1376 eius
1180 1303 1331 1378 asseclae

220 1415 257 1491 in
278 1417 426 1492 medium
451 1417 633 1492 attulerunt
649 1417 692 1490 ad
710 1417 929 1491 evincendam
947 1418 1145 1491 sententiam
1163 1418 1206 1492 de
1223 1444 1332 1516 sacer-

219 1532 298 1609 dote
322 1533 468 1631 coniugii
485 1532 663 1607 christiani
680 1532 845 1608 ministro.
861 1532 970 1634 Atque
987 1548 1024 1607 ut
1040 1533 1184 1608 fideliori
1202 1533 1331 1607 ratione

221 1645 257 1720 id
280 1662 546 1748 praestaremus,
566 1673 607 1720 ea
623 1646 893 1747 deprompsimus
918 1673 959 1720 ex
983 1647 1069 1747 ipsis
1093 1646 1328 1747 scriptoribus,

222 1762 282 1862 qui
296 1763 377 1837 huic
389 1761 539 1862 opinioni
551 1761 703 1836 addictos
717 1788 754 1836 se
767 1762 910 1836 maxime
922 1762 1155 1849 ostenderunt,
1172 1777 1205 1835 et
1217 1762 1332 1862 quoad

221 1875 296 1952 eius
321 1877 393 1952 lieri
418 1877 540 1976 potuit,
561 1877 647 1977 ipsis
672 1903 787 1951 eorum
810 1877 923 1951 verbis
948 1877 1004 1951 usi
1029 1902 1166 1964 sumus,
1188 1877 1332 1977 nequid

222 1992 353 2068 roboris
370 1993 574 2081 amitterent,
596 2019 635 2066 ac
652 2019 695 2066 ne
710 1991 872 2093 validiora
888 1991 1110 2095 dissimulare·
1126 1991 1329 2065 videremur.
1356 1984 1359 1989 ’

221 2110 318 2202 Nunc
345 2124 456 2184 autem
489 2109 605 2182 eodem
630 2109 732 2182 animi
757 2108 902 2182 candore
925 2133 966 2182 ea
990 2107 1201 2206 expendere,
1230 2122 1334 2208 atquc

219 2239 374 2300 excutere
398 2224 629 2322 aggredimur,
648 2239 686 2297 ut
705 2225 829 2298 veritas
855 2249 917 2297 suo
934 2224 969 2295 in
985 2223 1111 2296 lumine
1135 2222 1328 2298 collocetur.

222 2339 266 2414 Ut
289 2355 400 2414 autem
421 2339 539 2413 ordine
562 2339 827 2438 progrediamur,
848 2363 987 2412 examen
1003 2337 1155 2438 criticum
1178 2339 1336 2438 auspica-

219 2452 332 2526 bimur
349 2453 393 2527 ab
421 2453 625 2550 argumentis
650 2452 783 2527 biblicis
808 2453 1034 2541 excutiendis,
1063 2476 1131 2554 quo
1154 2451 1331 2542 absoluto,

223 2567 267 2641 ad
292 2567 513 2668 expendenda
537 2584 733 2665 argumenta
756 2567 993 2655 traditionalis,
1013 2594 1053 2641 ac
1078 2567 1214 2640 demum
1237 2593 1337 2669 argu·

223 2697 337 2754 menta
361 2680 548 2778 theologica
573 2681 712 2778 gradum
737 2681 911 2755 iaciemus.

292 2797 343 2869 Ex
363 2794 496 2884 bibliis,
522 2812 561 2870 ut
585 2824 648 2872 suo
672 2797 745 2871 loco
771 2797 981 2886 monuimus,
1010 2799 1138 2872 nullum
1163 2798 1272 2898 poiert
1288 2815 1335 2874 te·

222 2911 417 2987 ¹stimonium
441 2911 571 3001 Canus,
601 2912 770 3012 nequead
788 2938 829 2985 ea
845 2912 980 2987 omnino
998 2913 1155 3013 appellat.
1172 2915 1335 3015 Superest

221 3025 337 3126 igitur,
362 3043 401 3117 ut
424 3027 568 3102 examini
594 3026 814 3102 subiiciamus
832 3055 884 3115 ea,
905 3054 992 3128 quae
1016 3056 1056 3102 ex
1081 3029 1187 3102 sacris
1212 3028 1334 3104 litteris

222 3143 432 3243 protulerunt
456 3143 515 3243 qui
538 3143 603 3217 hac
628 3143 663 3214 in
689 3143 914 3217 controversia
934 3144 1108 3243 suppetias
1129 3143 1221 3218 Cano
1245 3144 1334 3218 ferre

220 3257 333 3332 adnisi
359 3273 449 3331 sunt.
465 3260 536 3331 lam
552 3284 630 3332 vero
647 3285 764 3333 omnes
788 3274 952 3358 quotquot
978 3273 1057 3331 sunt
1077 3258 1214 3331 unicum
1235 3259 1334 3332 dum·

223 3387 314 3446 taxat
339 3372 512 3471 paulinum
539 3387 658 3470 urgent
682 3388 806 3446 textum
823 3399 863 3446 ex
880 3374 907 3443 l.
929 3372 1079 3445 Corinth.
1094 3373 1146 3444 lV.
1160 3375 1194 3445 1.
1210 3373 1246 3446 in
1263 3400 1335 3472 quo

220 3484 402 3586 Apostolus
426 3503 523 3560 vocat
542 3487 732 3561 sacerdotes
750 3487 984 3586 dispensatores
1007 3489 1234 3587 mysteriorum
1253 3488 1330 3561 net.

221 3601 293 3674 Hoc
310 3600 445 3673 unicum
466 3602 637 3708 proferunt
653 3601 898 3688 testimonium,
920 3600 955 3673 in
972 3600 1037 3674 hoc
1053 3626 1120 3673 uno
1137 3601 1330 3675 confidunt:

221 3741 337 3825 uerum
361 3741 463 3815 quam
488 3700 604 3790 leviter
625 3743 694 3788 rem
714 3742 815 3815 quam
831 3715 947 3789 volunt
966 3715 1162 3803 conficiant,
1183 3715 1333 3816 quisque

221 3829 318 3904 lacile
341 3829 407 3903 sibi
432 3829 663 3929 persuadebit,
691 3829 750 3929 qui
775 3830 924 3903 advertat
944 3832 978 3902 l.
999 3829 1111 3904 hocin
1124 3829 1199 3904 loco
1210 3845 1334 3930 mycte-

222 3948 348 4018 riorum
371 3945 520 4031 nomine,
550 3943 701 4042 praecise
718 3970 784 4017 non
800 3959 1003 4017 sacramento
1019 3942 1215 4043 Apostolum
1239 3944 1335 4018 desi-

220 4087 343 4160 gnare,
368 4061 428 4136 sad
453 4060 734 4159 praedicationem
759 4062 991 4161 mysteriorum
1017 4061 1116 4148 fidei,
1144 4086 1206 4134 seu
1230 4086 1335 4134 evan-

220 4176 347 4275 gelicae
378 4176 568 4264 doctrinae;
603 4176 693 4275 quod
724 4175 882 4251 orationis
916 4176 1121 4250 continuatio
1153 4175 1334 4251 manifeste

219 4291 385 4380 ostendit,
406 4306 441 4365 et
454 4288 604 4390 Apostoli
629 4289 714 4366 ratio
738 4291 895 4389 postulat.
916 4290 987 4365 Sibi
1004 4290 1096 4365 enim
1114 4290 1240 4366 Paulus
1257 4317 1334 4390 pro
