2872 5062
221 304 288 374 tto
722 323 860 374 ruurr.

415 443 506 514 CAP.
529 442 898 516 lll.-uuunru1uoun
917 465 1029 516 cimus
1047 464 1138 516 uror.

215 597 294 670 ilar.
317 598 342 667 l.
389 597 453 668 Lex
472 594 674 666 matrimonii
691 593 800 666 civilis
813 593 900 667 inter
912 595 1096 668 catholicos
1109 621 1129 666 a
1141 593 1231 667 chri-

438 709 558 782 stianis
572 707 875 807 pseudo-politicis
893 710 1065 807 proposita
1083 711 1231 809 antiphi-

437 823 611 922 losophica
633 838 736 895 estet
763 821 879 920 iniqua
902 882 1201 896 ...................
1209 855 1226 894 »
1256 823 1324 897 387

216 938 293 1012 Anr.
316 941 358 1009 ll.
389 938 557 1036 Quotquot
583 936 764 1010 deliberate
782 961 821 1008 ac
839 937 982 1033 positive
1000 937 1043 1009 ad
1061 937 1168 1035 legem
1186 938 1228 1011 de

437 1053 650 1126 matrimonio
683 1043 774 1126 civili
801 1051 974 1124 lerendam
1001 1071 1224 1142 concurrunt,

438 1194 512 1241 reos
544 1166 656 1241 coram
681 1168 750 1240 Deo
785 1193 823 1239 se
854 1168 1046 1264 gravissimi
1077 1169 1228 1241 criminis

417 1285 643 1358 constituunt
655 1339 1200 1357 ..................................
1208 1317 1225 1354 »
1256 1287 1323 1356 299

215 1399 293 1474 dur.
315 1401 373 1471 lll.
390 1401 455 1473 Lex
477 1399 519 1471 dc
540 1398 752 1471 matrimonio
769 1397 860 1471 civili
880 1413 932 1471 est
948 1399 1224 1497 antipolitica...»
1256 1404 1322 1471 306

216 1515 293 1588 Aac.
316 1516 367 1585 lv.
389 1516 471 1601 Lex,
501 1540 588 1613 quae
605 1513 853 1586 matrimonium
872 1513 970 1586 civile
987 1513 1150 1587 libertatis
1169 1541 1230 1587 no-

437 1628 528 1700 mine
551 1628 761 1714 cohonestat,
783 1628 818 1698 in
844 1626 951 1725 legem
976 1627 1115 1716 desinit,
1144 1656 1230 1728 quae

436 1743 523 1816 lavet
546 1741 715 1841 tyrannidi
723 1799 1200 1816 ..............................
1209 1775 1226 1813 n
1256 1746 1323 1816 303

214 1922 304 1994 CAP.
326 1922 378 1992 lv.
396 1966 443 1975 —
468 1946 507 1994 on
537 1945 735 1994 incuucuns
766 1945 824 1993 rao
855 1945 933 1994 nucu
962 1946 1002 1994 uc
1033 1946 1227 1996 uisurucruc

435 2042 529 2092 civiti
540 2074 1195 2090 .........................................
1209 2049 1225 2087 »
1256 2021 1323 2090 333

181 2213 184 2225 ι
213 2169 292 2243 Aac.
316 2171 341 2241 l.
372 2169 613 2269 Expenduntur
629 2183 825 2264 argumenta
843 2195 903 2267 pro
920 2167 993 2265 lege
1012 2169 1075 2241 sub
1093 2185 1230 2269 aspectu

437 2284 648 2382 potissimum
680 2283 814 2383 politico
820 2343 1202 2357 ........................
1212 2316 1228 2354 »
1259 2288 1326 2356 335

261 2402 298 2498 S.
321 2402 347 2471 l.
386 2401 530 2498 Spiritus
556 2399 705 2472 cultioris
732 2399 851 2472 aetatis
869 2426 907 2472 ac
924 2400 1092 2500 principia
1119 2401 1232 2473 subal-

438 2513 510 2611 pini
538 2513 698 2585 Gubernii
705 2570 1201 2587 ...............................
1209 2545 1226 2584 »
1282 2547 1299 2585 »

259 2630 296 2726 ὅ.
318 2630 361 2702 ll.
384 2629 523 2703 Politica
548 2628 684 2702 libertas
711 2631 937 2703 conscientiae
947 2689 1202 2702 ................
1210 2662 1227 2700 n
1258 2633 1325 2702 342

257 2746 295 2842 §.
318 2745 566 2818 lllDistinctio
595 2745 680 2817 civis
704 2762 737 2818 et
762 2744 939 2819 christiani
947 2803 1199 2818 ................
1207 2777 1224 2816 o
1255 2751 1322 2818 358

258 2860 283 2956 0
317 2861 368 2930 lv.
386 2860 587 2934 Autonomia
612 2884 651 2932 ac
676 2861 840 2959 primatus
866 2861 1022 2959 politicae
1049 2863 1224 2959 potestatis

433 2991 465 3048 et
482 2975 646 3075 separatio
672 2991 779 3057 status
797 2977 840 3048 ab
859 2977 1004 3049 ecclesia
1010 3033 1195 3047 ............
1204 3006 1220 3044 n
1252 2979 1319 3047 300
1390 2971 1392 2975 ’

211 3093 289 3164 Aur.
312 3093 355 3162 ll.
385 3092 625 3191 Expenduntur
643 3108 836 3188 argumenta
850 3119 910 3191 pro
923 3092 995 3188 lege
1009 3092 1072 3164 sub
1086 3108 1224 3189 aspectu

432 3207 643 3306 potissimum
668 3208 787 3281 morali
797 3265 1195 3280 .........................
1204 3237 1220 3276 »
1251 3210 1319 3279 375

258 3323 293 3419 §.
316 3324 341 3392 l.
380 3322 499 3420 Populi
525 3323 659 3418 religio,
681 3349 720 3395 ac
741 3323 825 3421 legis
852 3324 960 3421 ipsius
987 3323 1219 3397 restrictio...»
1276 3354 1293 3392 »

258 3439 295 3536 §.
317 3440 359 3509 ll.
382 3438 578 3537 Exemplum
607 3439 845 3512 catholicarum
870 3441 1042 3512 nationum
1050 3497 1169 3510 ........
1178 3469 1194 3507 a
1251 3441 1318 3510 3Ἶο

209 3554 288 3627 dur.
310 3556 369 3626 lll.
382 3555 623 3653 Expenduntur
640 3571 835 3651 argumenta
848 3582 908 3653 pro
921 3554 993 3651 lege
1006 3554 1070 3627 sub
1084 3570 1222 3653 aspectu

431 3670 530 3743 etiam
555 3671 712 3768 religioso
738 3688 771 3744 et
796 3672 959 3744 catholico
973 3730 1192 3742 ..............
1200 3701 1217 3738 »
1248 3673 1316 3741 390

254 3788 291 3883 §.
313 3788 340 3857 l.
386 3786 604 3882 Theologicae
626 3789 790 3886 quaedam
817 3788 986 3860 doetrinae
991 3844 1193 3859 .............
1201 3816 1218 3854 »
1274 3817 1291 3855 »

256 3903 282 3999 3
317 3904 358 3972 ll.
381 3903 528 3977 Historia
549 3904 776 3978 ecclesiastica
797 3904 936 4002 antiqua
953 3919 986 3975 et
1004 3903 1216 3975 recentior.»
1249 3905 1315 3973 l05

256 4018 292 4114 §.
315 4019 572 4092 llllloncilium
599 4021 709 4119 ipsum
736 4019 952 4091 tridentinum
960 4075 1193 4090 ...............
1201 4047 1218 4087 »
1250 4019 1315 4088 011

255 4134 292 4229 3.
315 4137 366 4206 lV.
383 4136 622 4233 separabilitas
660 4151 849 4208 contractus
885 4162 905 4207 a
939 4150 1146 4208 sacramento
1185 4160 1224 4206 ao

247 4254 251 4261 ’
432 4250 602 4325 distinctio
628 4252 830 4325 matrimonii
866 4251 1003 4348 legitimi
1030 4268 1062 4323 et
1087 4250 1220 4323 rati...»
1252 4251 1318 4320 lac
