2872 5062
219 332 286 403 iot
410 353 470 401 un.
493 353 515 400 1.
537 351 623 400 sacr.
645 349 775 399 aurens.
796 351 835 399 ns
862 350 993 399 niuniu.
1016 349 1123 399 crvnr.

217 496 320 571 quarn
348 469 569 542 ceremoniam
602 467 852 553 adhibuerunt,
886 485 923 540 ut
947 483 1080 540 constat
1104 468 1258 566 ex'ipsis
1286 467 1331 540 ab

217 603 350 660 oratore
373 585 514 684 prolatis
539 583 700 683 exemplis
720 586 817 656 Isaac
841 599 874 655 et
898 583 1067 656 Rebeccae
1090 582 1196 679 (Gen.
1214 583 1327 654 xxiv.

221 706 304 774 3-60
316 707 344 798 );
362 702 449 774 Ruth
464 717 497 773 et
508 703 594 773 Booz
616 704 628 794 (
641 702 676 770 L.
693 699 781 771 Ruth
795 701 846 770 lv.
865 702 989 770 11-12.
1002 703 1030 794 );
1047 699 1170 773 Tobiae
1183 693 1220 771 et
1229 699 1333 770 Sarac

223 819 328 916 (Tob.
345 818 416 904 Vll,
433 821 491 888 15.
508 821 536 911 ),
558 817 713 915 quamvis
731 841 797 888 non
824 841 958 913 semper
983 814 1160 900 sacerdos,
1182 813 1243 886 sed
1261 839 1334 886 ma-

221 937 271 1009 ior
297 951 398 1022 natu,
419 950 480 1007 aut
501 933 743 1033 paterfamilias
767 932 1034 1006 benedictionem
1059 931 1224 1004 conferret
1240 933 1332 1026 (91).

220 1052 262 1123 At
286 1049 452 1149 quidquid
471 1043 542 1135 sit,
572 1047 702 1120 etiamsi
729 1073 785 1120 res
808 1064 895 1133 tota,
916 1064 953 1119 ut
970 1075 1009 1120 ex
1027 1042 1169 1146 Fleuryo
1194 1045 1335 1144 opponit

221 1181 353 1251 orator,
382 1165 469 1236 inter
493 1179 650 1261 parentes
676 1178 709 1234 et
734 1158 937 1236 domesticos
963 1162 1223 1258 transigeretur,
1253 1160 1335 1232 inde

222 1307 288 1354 non
325 1292 520 1378 sequeretur
548 1278 798 1350 matrimonium
830 1292 1016 1376 spectatum
1046 1276 1153 1349 luisse
1184 1292 1222 1348 ut
1253 1299 1336 1348 con-

223 1411 364 1468 tractum
391 1395 539 1480 civilem,
564 1393 624 1466 sed
650 1394 763 1490 potius
780 1410 817 1465 ut
835 1392 1019 1465 naturalem
1039 1417 1080 1464 ac
1098 1390 1334 1464 domesticum.

297 1511 376 1583 Ideo
389 1534 469 1581 vero
487 1504 705 1608 imperatores
722 1510 851 1583 romani
865 1536 886 1581 a
899 1507 1118 1584 Constantino
1129 1523 1165 1580 et
1175 1504 1338 1606 deinceps

224 1626 351 1699 nullam
371 1625 518 1698 tulerunt
539 1624 647 1720 legem
665 1650 733 1723 qua
750 1625 925 1698 christiani
944 1624 1158 1722 adigerentur
1173 1620 1218 1695 ad
1237 1623 1337 1694 ritum

226 1729 419 1839 religiosum
433 1741 469 1811 in
484 1736 708 1812 celebratione
725 1741 938 1839 nuptiarum,
959 1739 1041 1838 quia
1057 1737 1229 1835 negotium
1247 1734 1339 1811 istud
1379 1812 1381 1816 r

224 1852 391 1930 ecclesiae
402 1853 622 1942 dimiserunt,
644 1855 827 1953 quaelicet
844 1857 966 1952 iugiter
981 1855 1140 1942 voluerit,
1157 1854 1227 1927 imo
1245 1855 1341 1952 prae·

224 1972 351 2071 ceperit
383 1986 422 2043 ut
453 1969 702 2043 matrimonium
734 1971 770 2041 in
783 1968 786 1974 ’
801 1971 886 2044 facie
915 1970 1088 2044 ecclesiae.
1103 1968 1272 2054 iniretur,
1304 1983 1342 2039 ut

228 2081 290 2158 suo
306 2082 387 2158 loco
408 2085 639 2172 ostendimus,
670 2112 854 2184 numquam
881 2101 1012 2173 tamen,
1033 2083 1108 2182 lege
1123 2083 1243 2158 saltem
1264 2083 1343 2156 uni·

221 2201 369 2289 -versaii,
398 2201 528 2272 irritum
554 2201 637 2274 illud
667 2201 746 2274 iecit
771 2202 800 2273 si
832 2201 1044 2274 clandestino
1067 2198 1339 2274 moreiniretur.

230 2313 386 2414 Plerique
403 2314 553 2387 fidelium
571 2313 762 2411 coniugium
786 2341 885 2387 suum
907 2316 975 2389 ritu
996 2340 1091 2388 sacro
1108 2313 1340 2399 celebrabant,
1429 2328 1433 2334 ’

221 2446 308 2503 cum
330 2457 408 2505 vero
433 2431 592 2530 temporis
619 2431 718 2530 lapsu
739 2432 869 2529 passim
888 2432 972 2503 ritus
990 2430 1047 2504 hic
1063 2430 1292 2517 omitteretur,
1311 2446 1345 2502 ct

228 2547 348 2619 exinde
373 2572 440 2618 non
466 2544 574 2646 pauca
599 2546 764 2619 orirentur
788 2546 885 2619 mala.
899 2563 931 2619 et
953 2546 1167 2632 incommoda
1182 2547 1288 2620 etiam
1307 2546 1342 2616 in

228 2662 423 2735 societatem
441 2663 569 2761 ipsam,
598 2662 667 2734 tum
694 2661 912 2761 imperatores
934 2662 1113 2735 orientales
1133 2688 1193 2736 seu
1213 2662 1345 2761 byzan-

230 2773 310 2863 tini,
339 2792 408 2849 tum
436 2776 576 2867 Carolus
601 2779 740 2873 Magnus
769 2778 859 2850 datis
890 2779 1115 2852 severissimis
1141 2775 1276 2875 legibus
1301 2777 1344 2849 ad

230 2893 331 2964 ritum
344 2891 539 2988 religiosum
553 2891 787 2964 celebrandum
803 2919 920 2966 omnes
934 2907 1129 2990 coegerunt,
1150 2893 1216 2966 sub
1235 2918 1345 2992 poena

231 3005 411 3092 infamiae,
437 3033 476 3079 ac
498 3006 683 3095 nullitatis,
702 3007 819 3081 saltem
839 3010 873 3080 in
893 3011 964 3082 loro
980 3008 1247 3109 externo,'quod
1266 3011 1345 3082 item

231 3123 506 3219 significavimus.
521 3122 674 3194 Attamen
693 3124 768 3220 ipso
782 3123 904 3196 latente
917 3123 1121 3210 adversario,
1134 3123 1345 3197 clandestina

222 3239 388 3333 :coniugia
410 3238 521 3310 adhuc
547 3238 630 3308 inita
653 3257 742 3311 sunt.

310 3515 360 3577 (ar)
376 3517 411 3564 io.
425 3515 544 3568 seldenus
556 3518 582 3565 in
596 3530 636 3580 op.
651 3519 722 3567 decr
737 3517 866 3567 Hebraea.
877 3515 983 3567 Londini
1004 3514 1125 3566 rotaith.
1142 3516 1175 3564 ii.
1192 3525 1248 3578 cap.
1262 3517 1286 3564 7.
1301 3513 1349 3577 agit

232 3593 263 3643 de
278 3593 447 3644 benedictione
461 3596 630 3659 sponsalium,
649 3598 674 3646 et
692 3609 746 3660 cap.
766 3604 803 3646 12.
821 3600 859 3646 De
871 3589 1046 3651 benedictione
1058 3597 1087 3645 in
1102 3589 1263 3649 ricem
1277 3593 1351 3655 atque

232 3674 293 3738 ipsis
302 3674 395 3738 nuptiis
403 3676 517 3738 praevie:
532 3677 653 3741 refertque
665 3677 796 3727 formulam
808 3677 936 3741 utriusque
946 3674 1123 3726 benedictionis
1131 3673 1164 3724 ab
1171 3671 1349 3737 antiquissimis

232 3756 383 3819 temporibus
395 3758 528 3822 receptam.
540 3758 661 3822 Componi
673 3760 754 3808 autem
768 3760 871 3822 possunt
886 3763 945 3808 curn
959 3758 1005 3818 iis,
1020 3769 1083 3820 qnae
1099 3754 1175 3806 babet
1187 3754 1307 3818 Fleoryus
1326 3754 1351 3804 et

233 3837 289 3898 post
308 3849 364 3886 enm
385 3835 517 3899 sairador,
539 3850 617 3899 quum
637 3837 771 3888 sacerdotis
792 3838 956 3888 interventum
968 3834 1099 3899 innuptiis
1111 3835 1217 3897 negant:
1235 3834 1308 3897 quta,
1323 3834 1352 3882 ut

231 3914 316 3963 scribit
332 3914 450 3965 seldenus
459 3929 513 3979 cap.
526 3923 563 3966 12.
573 3929 598 3979 p.
612 3923 665 3966 180.
676 3917 707 3965 ad
719 3917 858 3980 exemplum
876 3916 1018 3979 nuptiarum
1030 3917 1095 3964 Booz
1107 3913 1198 3977 quibus
1217 3912 1350 3963 adfuerunt

233 3995 316 4045 decem
328 3995 436 4045 seniores
444 3996 550 4045 «borum
560 3995 603 4058 qui
612 3995 734 4046 maximus
742 3997 800 4045 natu
811 3997 872 4059 erat,
880 3994 1040 4064 auidignior,
1050 3993 1245 4044 benedictionem
1259 3991 1354 4056 praebe

235 4074 302 4124 bat.»
314 4073 372 4125 vid.
384 4075 457 4125 etiarn
467 4077 533 4126 sam.
546 4076 742 4126 Sebeiireehium
754 4079 792 4126 De
803 4077 977 4141 antiquitate,
987 4072 1351 4137 etGhristopb.Kartoisissiom

235 4157 273 4204 De
285 4157 437 4206 necessitate
448 4157 651 4206 consecrationis
665 4155 812 4220 nuptialis,
830 4157 971 4207 Gretserum
983 4159 1020 4206 De
1033 4153 1256 4206 benedictionibus
1266 4153 1310 4204 lib.
1320 4154 1350 4203 11.

234 4236 534 4299 c.it.io.1iongibeium
550 4236 576 4286 in
593 4236 727 4287 incuriis
747 4239 831 4287 sacris
847 4236 878 4286 ad
888 4235 993 4287 iiaiacir.
1002 4237 1035 4286 ii.
1049 4237 1085 4286 ii.
1094 4233 1133 4286 Oi.
1146 4234 1222 4286 etiarn
1233 4233 1295 4284 isira
1304 4235 1349 4284 Ar·

234 4313 365 4377 cboeoioo.
386 4315 448 4365 oroi.
461 4316 550 4366 vienn.
563 4320 630 4368 1814.
640 4314 663 4378 §.
679 4320 731 4365 154.
