2872 5062
340 394 407 443 car.
428 393 472 442 vr.
494 393 534 442 na
551 393 653 443 mser.
675 392 787 448 couri.
808 394 846 442 rr
868 393 956 443 saca
977 394 1048 442 aar.
1066 395 1097 445 ι.
1208 374 1278 444 tta

167 508 302 585 articuli
318 509 536 608 inscriptione
553 509 825 596 enuntiavimus,
846 508 1004 581 nimiruin
1015 509 1053 581 in
1069 511 1281 587 matrimonio

169 624 339 712 fidelium,
356 623 414 696 ubi
427 649 495 697 non
506 623 651 697 habetur
666 639 929 710 sacramentnm,
949 650 1064 723 neque.
1076 640 1280 700 contractum

168 737 353 835 legitimum
378 737 508 811 haberi.
1013 804 1018 813 ,
1048 806 1052 813 .
1178 804 1182 811 ,
1223 809 1225 812 ,
1259 807 1264 814 ,

166 906 169 910 -
203 928 206 930 ,
240 855 323 926 Nam
341 853 371 926 si
389 853 425 925 in
441 854 620 929 connubiis
637 854 848 942 christianis,
867 855 1032 929 celebrato
1049 856 1277 955 matrimonio,

167 968 260 1042 nulla
285 984 440 1069 superest
462 969 632 1043 distinctio
652 969 752 1045 realis
774 971 859 1044 inter
882 986 1088 1044 contractum
1112 986 1146 1044 et
1168 980 1283 1044 saona,-

167 1098 337 1172 mentum,
366 1084 451 1159 adeo
474 1098 512 1156 nt
536 1100 781 1157 sacramentum
806 1100 840 1157 et
863 1099 1052 1158 contractus
1082 1084 1156 1157 sint
1174 1092 1278 1158 unum

167 1199 343 1300 idemque,
368 1199 504 1274 omnino
528 1200 682 1299 sequitur
699 1199 747 1272 ibi
769 1226 837 1273 non
858 1198 976 1272 haberi
1001 1214 1208 1272 contractum
1229 1199 1281 1272 le-

167 1315 320 1410 gitimum
337 1342 398 1390 scu
414 1315 581 1404 validum,
597 1315 656 1388 ubi
674 1342 740 1388 non
758 1314 912 1387 habetur
917 1331 1177 1390 sacramentum.
1194 1315 1280 1389 Hinc

166 1429 234 1504 iere
259 1456 545 1529 supervacaneum
569 1431 677 1505 videri
703 1445 819 1528 posset
846 1429 1002 1529 pluribus
1031 1429 1131 1504 adeo
1145 1429 1280 1590 oonspi

165 1569 262 1618 cuam
287 1545 461 1618 veritatem
484 1545 669 1618 adstruere

237 1659 406 1744 Quoniam
420 1674 532 1733 tamen
552 1687 611 1759 qm
602 1659 836 1735 novitatibus
857 1660 1007 1748 student,
1029 1655 1280 1759 numquamde·

165 1773 279 1847 sinunt
301 1773 524 1872 perniciosam
545 1774 732 1849 doctrinam
754 1773 950 1862 obtrudere,
970 1775 1064 1847 iuxta
1083 1798 1205 1872 quam,
1227 1786 1278 1852 et·

165 1886 266 1968 iamsi
290 1888 327 1959 in
353 1888 519 1987 coniugiis
550 1889 751 1964 christianis·
775 1916 988 1988 quacumque
1012 1890 1055 1964 de
1080 1915 1183 1963 causa
1211 1913 1279 1963 non

164 2001 329 2075 habeatur
353 2019 619 2092 sacramentum,
648 2021 759 2078 teneat
783 2004 1004 2079 nihilominus
1029 2003 1278 2079 matrimonium

164 2117 198 2198 ia
222 2117 355 2191 r'atione
378 2132 569 2194 contractus
594 2120 754 2216 legitimi,
775 2120 1059 2218 operaepretium
1083 2145 1160 2193 esse
1175 2117 1279 2192 :duci-

163 2258 255 2320 mus‚
278 2233 366 2332 ipsis
391 2233 455 2307 hoc
475 2235 576 2308 etiam
596 2236 758 2332 effugium
784 2235 987 2334 praeripere.
1017 2234 1114 2320 Quod
1140 2233 1278 2332 quidam

163 2345 259 2420 facile
276 2347 316 2419 fit
331 2362 402 2419 tum
426 2375 475 2427 en.
490 2349 608 2422 intima
626 2349 674 2420 rei
687 2362 828 2434 natura,
850 2364 921 2421 tum
940 2374 981 2421 ex
998 2345 1279 2421 doctrinaeccle·

162 2461 252 2549 siae,
278 2464 519 2565 tum-denique
541 2463 859 2561 eir-analogiarum
878 2463 1098 2538 sacramentis
1122 2461 1275 2561 reliquis.

233 2579 323 2651 Sane
340 2594 461 2653 natura
477 2581 554 2678 ipsa
566 2579 628 2668 rei,
644 2607 712 2679 qua
733 2580 777 2655 de
797 2581 920 2676 agitur,
937 2579 1088 2678 exposcit
1106 2594 1144 2653 ut
1162 2577 1278 2655 nullus

163 2694 300 2790 agnosci
325 2695 447 2769 debeat
470 2695 643 2793 legitimus
663 2722 725 2770 seu
745 2696 1091 2771 validus-,contractus
1112 2695 1280 2771 inter-,nu-

163 2806 297 2896 bentes,
312 2809 380 2883 ubi
405 2836 473 2883 non
498 2810 641 2885 habetur
664 2836 878 2910 quacumque
897 2837 938 2885 ex
958 2836 1064 2884 causa
1082 2820 1280 2887 'sacrameuf

164 2938 255 3010 tum',
278 2924 307 2996 si
331 2940 579 3004 sacramentum
603 2925 807 3001 matrimonii
828 2925 876 2996 nil
898 2924 992 2997 aliud
1012 2924 1056 2997 sit
1074 2949 1280 3022 quamcon·

162 3052 288 3115 tractus
300 3039 470 3138 legitimus
484 3040 548 3114 sub
560 3041 685 3115 debitis
696 3039 947 3118 conditionibus
961 3037 1167 3113 celebratus:
1183 3037 1278 3135 atqui

162 3178 201 3226 er
233 3154 335 3229 dictis
365 3155 534 3231 eiusmodi
565 3171 618 3229 est
647 3154 853 3232 matrimonii
885 3168 1149 3228 sacramentum:
1180 3164 1275 3246 ejrssgo,

160 3267 190 3340 si
213 3294 284 3341 non
310 3267 453 3343 habetur
477 3286 741 3355 sacramentum,
767 3284 886 3367 neque¹
902 3281 1092 3341 contractus
1119 3264 1274 3341 hahetur.

160 3381 311 3468 Quando,
330 3385 471 3484 proinde
496 3400 742 3459 sacramentum
762 3400 830 3457 non
852 3384 914 3471 fit,
930 3383 1010 3459 ideo
1030 3397 1101 3469 est,
1125 3382 1278 3482 quiade·

159 3513 233 3572 ctus
260 3525 328 3573 non
353 3516 406 3574 est
428 3517 618 3575 contractus
638 3501 824 3598 legitimum
850 3498 1002 3598 alioquin
1024 3498 1092 3571 iam
1112 3513 1206 3579 esset
1222 3523 1277 3571 aa·

159 3629 388 3688 crumentum:
416 3632 496 3713 ergo
522 3632 671 3715 spectata
695 3616 814 3695 intima
838 3630 958 3694 natura
983 3614 1051 3700 rei,
1077 3612 1194 3692 haberi
1219 3639 1278 3694 ne:

158 3730 232 3828 quit
258 3745 450 3807 contractus
475 3730 535 3804 ubi
560 3757 626 3804 non
651 3730 794 3804 habetur
819 3746 1080 3804 sacramentum.
1136 3800 1139 3806 ,
1174 3771 1178 3778 ⁷
1244 3768 1271 3787 -·

231 3847 394 3920 Rursum:
420 3862 669 3924 sacramentum
688 3846 864 3946 speciatim
885 3846 1056 3931 consistit,
1080 3870 1141 3917 seu
1161 3838 1279 3938 nequit

157 3959 294 4060 concipi
311 3961 404 4059 quod
423 3960 502 4040 hi‘nc
520 3961 659 4061 quidem
676 3959 741 4048 sit,
762 3959 856 4033 illinc
869 3986 941 4039 ,noa
956 3960 1000 4032 sit
1007 3969 1274 4037 sacramentum,

156 4099 219 4153 seu
230 4088 382 4174 err-parte
395 4075 452 4162 sit,
463 4101 504 4151 ex
517 4090 611 4174 parte
623 4101 702 4148 vcro
713 4101 781 4148 non
791 4074 847 4159 sit;
859 4085 1106 4149 sacramentum
1119 4067 1208 4140 enim
1221 4080 1285 4138 aut

157 4189 327 4288 integrum
342 4191 388 4265 sit
405 4206 536 4291 oportet
549 4217 589 4265 ac
601 4191 785 4291 perfectum
800 4190 835 4261 in
849 4215 928 4275 sua,
945 4211 1046 4287 quam
1057 4196 1195 4270 vocant,
1211 4180 1278 4253 ior-

157 4305 238 4377 mali
255 4305 402 4394 ratione,
420 4321 477 4380 aut
489 4305 620 4381 nullum
633 4322 686 4382 est
697 4303 846 4380 omnino.
858 4304 961 4377 Porro
974 4297 1278 4394 matariaprorcimo
