2872 5062
133 398 200 448 cnr.
214 399 257 448 ιι.
271 396 402 447 amnne.
415 396 486 446 nno.
497 393 616 446 nemu.
627 394 713 446 ιιιιι.
727 396 796 445 ιιι.
808 396 854 446 ιιι.
866 395 942 447 nnc.
943 395 1060 447 aaron.
1107 378 1171 450 tat

87 529 307 600 contractum,
329 512 421 584 nulla
437 528 575 611 apparet
593 512 675 584 ratio
692 538 795 629 quare
807 538 873 585 non
886 508 1030 585 sufficiat
1043 514 1086 586 ad
1099 541 1183 588 con-

84 628 299 701 validandum
323 622 567 700 matrimonium
584 654 650 726 qua
668 623 920 701 sacramentum
937 626 1061 701 Verum
1064 627 1177 729 ‚quod

85 758 186 841 caput
202 759 270 830 est,
290 759 357 815 tota
374 743 552 815 difficultas
572 741 690 842 pendet
703 770 723 814 a
736 743 868 816 notione
880 743 981 815 huius
995 746 1179 818 sanationis

85 856 119 927 in
143 856 272 943 radioe;
294 882 370 928 nam
388 856 416 928 si
434 882 492 954 per
509 856 596 928 hanc
611 882 676 928 non
695 855 854 928 tolluntur
867 857 932 929 nisi
950 857 1103 945 effectus,
1119 861 1179 957 qui

85 997 105 1043 a
133 970 285 1043 nullitate
314 970 521 1043 matrimonio
551 986 764 1068 promanant,
792 968 853 1043 nec
876 973 999 1070 [ectum
1030 972 1185 1046 redditur

84 1087 253 1184 infectam,
277 1084 368 1184 quod
394 1085 574 1156 absurdum
600 1099 690 1156 esset
714 1085 765 1157 vel
791 1081 954 1182 cogitare,
974 1101 1064 1184 patet
1081 1113 1186 1160 sana·

84 1199 170 1271 tione
195 1198 231 1269 in
256 1198 367 1270 radice
391 1197 475 1269 nihil
496 1196 664 1270 immutari
687 1213 838 1295 respectu
861 1213 1047 1272 contractus
1066 1201 1184 1272 matri-

84 1312 237 1386 monialis
255 1314 291 1383 in
308 1338 356 1384 se.
372 1312 485 1385 Eovel
501 1311 608 1408 magis
626 1311 714 1410 quod
733 1311 897 1384 interdum
915 1328 1075 1386 sanentur
1089 1315 1187 1388 cius-v

84 1425 171 1498 modi
185 1425 341 1521 coniugia
360 1424 517 1497 alterutro
533 1424 672 1521 coniuge
689 1424 755 1496 iam
772 1425 840 1497 vita
857 1425 986 1512 luncto,
1007 1443 1064 1500 aut
1080 1424 1186 1500 eiiam.

23 1564 26 1570 ·
85 1555 160 1638 post
176 1540 351 1640 utriusque
367 1540 520 1636 coniugis
534 1538 680 1626 obitum,
700 1538 742 1610 ad
760 1538 1028 1636 legitimationem
1052 1541 1155 1640 prolis
1168 1599 1185 1629 ,.

84 1653 363 1753 quemadmodum
389 1680 450 1726 suo
475 1653 565 1738 loco,
587 1653 662 1726 s'eu'
676 1653 710 1723 in
735 1652 820 1726 libro
845 1653 990 1727 'secundo
1014 1655 1176 1729 dicemus.

153 1768 212 1840 10.
242 1766 404 1864 Coniugia
429 1767 697 1855 haereticorum,
722 1768 764 1839 iis
797 1769 1002 1866 praesertim,
1016 1769 1052 1840 in
1077 1770 1184 1868 regio-

85 1881 195 1968 nibus,
211 1880 381 1979 inquibus
394 1881 563 1954 decretum
580 1881 795 1954 tridentinum
808 1881 854 1954 de‘
863 1883 1080 1957 matrimoniis
1094 1884 1186 1957 olan-

84 1995 224 2070 destinis
248 1995 454 2095 publicatum
474 2022 543 2070 non·
557 1995 638 2083 suit.
656 1996 711 2069 vix
728 1995 866 2069 dubium
884 2023 959 2071 esse
974 2002 1083 2096 potest
1099 1999 1181 2098 quin

85 2136 161 2184 vera
179 2111 249 2184 sint
266 2126 488 2198 sacramenta,
509 2111 543 2183 si
556 2109 787 2183 contrahentes
809 2110 1045 2209 impedimerito
1068 2111 1186 2211 aliquo

84 2225 257 2298 dirimente
273 2250 339 2298 non
355 2224 575 2298 detineantur.
592 2225 675 2296 Nam
692 2224 1050 2322 quamvis‘dogmatice
1070 2225 1105 2296 id
1123 2226 1183 2299 de

85 2338 305 2412 linitum'non
328 2337 391 2426 sit,
419 2339 521 2410 immo
545 2363 702 2435 expresse
723 2336 888 2407 interdum
907 2362 990 2409 rom.
1007 2338 1187 2435 pontifices.

86 2454 228 2552 professi
245 2455 314 2526 sint
328 2479 366 2526 se
377 2453 412 2524 id
431 2453 519 2526 nolle
537 2453 714 2526 decernere
730 2453 818 2547 (tt),
834 2478 874 2525 ex
890 2452 1061 2525 communi·
1072 2467 1187 2527 tamen

85 2569 282 2668 receptaque
306 2567 470 2640 sententia
491 2566 719 2663 theologorum
744 2566 779 2638 id
804 2566 1011 2665 exploratum
1027 2565 1186 2640 habetur..
1281 2607 1285 2617 ·

85 2683 165 2755 Nam
191 2682 349 2755 haeretici
374 2709 415 2755 ex
440 2681 603 2754 catholica
627 2680 778 2754 doctrina
800 2680 911 2754 valide
929 2697 1135 2754 sacramenta
1151 2697 1191 2756 et.

85 2797 256 2870 conlemnt
280 2812 312 2869 et
336 2797 528 2896 recipiunt,
563 2797 716 2896 quamvis
751 2795 876 2869 illicite.
904 2794 976 2869 Non
1000 2812 1051 2869 est
1073 2812 1190 2870 autem

85 2911 170 3009 ipsis
188 2902 401 2986 necessaria
393 2911 532 2985 intentio
549 2937 720 3010 expressa,
736 2911 807 2984 sive
823 2911 983 3010 explicita
996 2937 1190 2994 sacramen

85 3041 152 3099 tum
182 3025 401 3114 conficiendi‚
438 3022 538 3138 atque
569 3027 708 3099 intentio
740 3026 889 3099 formalis
922 3025 1063 3098 faciendi
1094 3025 1184 3123 quod
1266 3068 1268 3072 Α

85 3141 161 3215 lacit
174 3124 347 3228 ecclesia
368 3141 527 3214 sedeatis
552 3156 622 3229 est,
649 3141 698 3239 uti
722 3141 788 3212 iam
812 3139 1063 3227 adnotavimus,
1083 3139 1184 3212 utla

85 3281 157 3329 cere
179 3255 303 3343 velint,
323 3255 413 3354 quod
430 3254 610 3328 Christus
601 3254 745 3327 instituit
764 3256 855 3350 (to)
868 3253 931 3326 etsi
953 3279 1087 3326 erronee
1111 3255 1185 3353 opi-

155 3450 206 3515 (tt)
221 3453 259 3500 Eu
271 3449 345 3501 rerba
355 3451 393 3501 Pii
401 3453 456 3501 vlt.
468 3451 495 3502 tn
508 3450 578 3501 Brevi
588 3449 646 3501 dato
657 3449 689 3500 ad
699 3449 841 3514 archiepisc.
852 3450 1024 3514 moguntinum
1033 3450 1076 3501 die
1084 3451 1185 3514 eloctu-

87 3527 122 3580 br.
131 3534 199 3581 taos.
209 3531 401 3580 «praetermissa
406 3532 546 3593 quaestione
555 3530 610 3593 illa,
621 3529 652 3579 dc
662 3537 711 3592 qua
720 3529 790 3580 attate-
798 3528 998 3580 mcdcatatucre
1009 3529 1145 3591 volumus,
1156 3542 1188 3580 an
1206 3544 1209 3551 ’

87 3606 264 3660 novercarum
278 3608 391 3672 coniogm
401 3622 482 3660 coram
493 3609 604 3659 ministro
619 3608 753 3659 acatholico
763 3608 903 3672 contracta,
920 3611 1069 3660 sacramenta
1078 3611 1128 3660 sint
1141 3623 1186 3660 nec

86 3683 1184 3759 scannedlioskovtnyttonitmcntacotltoltcatomil.pag.ea.Qoinqueccclesiistat⁷.

156 3765 208 3830 (te)
223 3765 303 3816 Lubet
319 3767 381 3816 hanc
395 3763 422 3816 iri
437 3780 487 3817 reni
504 3767 579 3817 verba
597 3763 731 3835 describere
745 3767 783 3816 Pii
790 3769 832 3817 vt.
841 3768 867 3816 in
876 3767 964 3818 litteris
974 3767 1113 3831 apostolicis
1122 3767 1193 3818 datis

86 3842 126 3894 die
137 3851 177 3896 tt.
187 3839 339 3896 miiitiae.
350 3845 382 3895 ad
393 3844 525 3896 Antonium
545 3846 685 3910 archiepisc.
706 3858 861 3909 pragensem:
876 3848 986 3897 «Locum
995 3841 1072 3907 <essm
1091 3844 1186 3908 inquit,

85 3924 293 3988 onasumpdonh
311 3925 340 3975 ut
357 3925 416 3975 dom
434 3925 616 3976 matrimonium
635 3926 777 3976 mntrahere
792 3926 938 3989 volucmnt,
949 3924 1113 3990 (acatholici)
1124 3923 1190 3975 illud

86 4005 165 4054 lactc
185 4004 340 4054 institutum
360 4004 474 4066 Oltttstt,
497 4006 571 4068 atquc
597 4005 658 4056 adeo
683 4005 812 4056 insolubile
829 4005 891 4055 inire
911 4005 1048 4067 voluerint,
1068 4005 1187 4056 nimirum

84 4081 190 4144 generali
205 4094 235 4132 ca
249 4080 381 4148 intentione
398 4082 556 4134 contrahendi
569 4085 638 4134 iuxta
651 4084 827 4135 institutionem
841 4081 931 4135 ‘christi
936 4085 1094 4147 ,novatum
1108 4083 1188 4134 illum

84 4171 201 4210 errorem
217 4144 406 4228 quodammodo
422 4161 674 4227 accumulandum
685 4160 812 4215 caesarem
822 4162 969 4213 Brancadori
979 4162 1105 4212 Ptlsectt
1111 4165 1187 4225 pont.

85 4251 158 4290 mcc.
169 4239 356 4302 elocutiones,
371 4241 494 4292 homiliae
509 4243 689 4306 epueolaeetc.
697 4245 757 4294 torn.
770 4247 790 4294 i.
800 4244 843 4309 tot.
851 4241 1023 4295 Aunelodami
1035 4241 1097 4309 (scu
1106 4243 1190 4335 potius

86 4319 276 4383 nonatum
288 4332 343 4384 pag.
356 4323 410 4372 tta.

1094 4400 1115 4444 >is
