<?xml version="1.0" encoding="UTF-8"?>
<!DOCTYPE html PUBLIC "-//W3C//DTD XHTML 1.0 Transitional//EN"
    "http://www.w3.org/TR/xhtml1/DTD/xhtml1-transitional.dtd">
<html xmlns="http://www.w3.org/1999/xhtml" xml:lang="en" lang="en">
 <head>
  <title>
</title>
<meta http-equiv="Content-Type" content="text/html;charset=utf-8" />
  <meta name='ocr-system' content='tesseract 3.04.00' />
  <meta name='ocr-capabilities' content='ocr_page ocr_carea ocr_par ocr_line ocrx_word'/>
</head>
<body>
  <div class='ocr_page' id='page_1' title='image "./dematrimoniochr00perrgoog_0079.png"; bbox 0 0 2872 5062; ppageno 0'>
   <div class='ocr_carea' id='block_1_1' title="bbox 161 372 1066 443">
    <p class='ocr_par' dir='ltr' id='par_1_1' title="bbox 161 372 1066 443">
     <span class='ocr_line' id='line_1_1' title="bbox 161 372 1066 443; baseline -0.003 0"><span class='ocrx_word' id='word_1_1' title='bbox 161 372 206 443; x_wconf 78' lang='lat' dir='ltr'>lt</span> <span class='ocrx_word' id='word_1_2' title='bbox 352 391 414 442; x_wconf 83' lang='lat' dir='ltr'>nm.</span> <span class='ocrx_word' id='word_1_3' title='bbox 436 392 459 441; x_wconf 90' lang='lat' dir='ltr'>l.</span> <span class='ocrx_word' id='word_1_4' title='bbox 475 389 567 442; x_wconf 61' lang='lat' dir='ltr'>vsscr.</span> <span class='ocrx_word' id='word_1_5' title='bbox 589 385 685 440; x_wconf 78' lang='lat' dir='ltr'>atoni</span> <span class='ocrx_word' id='word_1_6' title='bbox 699 389 831 442; x_wconf 78' lang='lat' dir='ltr'>usmis.</span> <span class='ocrx_word' id='word_1_7' title='bbox 853 386 1066 442; x_wconf 80' lang='lat' dir='ltr'>snamumro.</span> 
     </span>
    </p>
   </div>
   <div class='ocr_carea' id='block_1_2' title="bbox 104 507 1282 2794">
    <p class='ocr_par' dir='ltr' id='par_1_2' title="bbox 158 507 1282 836">
     <span class='ocr_line' id='line_1_2' title="bbox 159 507 1280 613; baseline -0.004 -30"><span class='ocrx_word' id='word_1_8' title='bbox 159 513 236 585; x_wconf 88' lang='lat' dir='ltr'>dem</span> <span class='ocrx_word' id='word_1_9' title='bbox 250 510 323 610; x_wconf 88' lang='lat' dir='ltr'>pari</span> <span class='ocrx_word' id='word_1_10' title='bbox 336 511 464 586; x_wconf 88' lang='lat' dir='ltr'>ratione</span> <span class='ocrx_word' id='word_1_11' title='bbox 484 509 747 584; x_wconf 87' lang='lat' dir='ltr'>commendatio</span> <span class='ocrx_word' id='word_1_12' title='bbox 764 509 938 613; x_wconf 78' lang='lat' dir='ltr'>coniugio,</span> <span class='ocrx_word' id='word_1_13' title='bbox 962 507 1052 609; x_wconf 93' lang='lat' dir='ltr'>quod</span> <span class='ocrx_word' id='word_1_14' title='bbox 1072 529 1280 606; x_wconf 60' lang='lat' dir='ltr'>numquam</span> 
     </span>
     <span class='ocr_line' id='line_1_3' title="bbox 159 620 1280 724; baseline -0.002 -25"><span class='ocrx_word' id='word_1_15' title='bbox 159 642 217 700; x_wconf 82' lang='lat' dir='ltr'>aut</span> <span class='ocrx_word' id='word_1_16' title='bbox 244 626 320 698; x_wconf 86' lang='lat' dir='ltr'>iere·</span> <span class='ocrx_word' id='word_1_17' title='bbox 337 651 520 724; x_wconf 85' lang='lat' dir='ltr'>numquam</span> <span class='ocrx_word' id='word_1_18' title='bbox 544 620 675 723; x_wconf 89' lang='lat' dir='ltr'>absque</span> <span class='ocrx_word' id='word_1_19' title='bbox 697 622 937 696; x_wconf 84' lang='lat' dir='ltr'>bencdictione·</span> <span class='ocrx_word' id='word_1_20' title='bbox 962 620 1174 696; x_wconf 84' lang='lat' dir='ltr'>sacerdotali·</span> <span class='ocrx_word' id='word_1_21' title='bbox 1188 621 1280 697; x_wconf 65' lang='lat' dir='ltr'>cele</span> 
     </span>
     <span class='ocr_line' id='line_1_4' title="bbox 158 734 1282 836; baseline -0.003 -23"><span class='ocrx_word' id='word_1_22' title='bbox 158 741 248 814; x_wconf 89' lang='lat' dir='ltr'>brari</span> <span class='ocrx_word' id='word_1_23' title='bbox 278 756 519 825; x_wconf 86' lang='lat' dir='ltr'>consueverat;</span> <span class='ocrx_word' id='word_1_24' title='bbox 548 739 688 811; x_wconf 89' lang='lat' dir='ltr'>minime</span> <span class='ocrx_word' id='word_1_25' title='bbox 709 765 787 812; x_wconf 86' lang='lat' dir='ltr'>vero</span> <span class='ocrx_word' id='word_1_26' title='bbox 813 738 878 810; x_wconf 92' lang='lat' dir='ltr'>sibi</span> <span class='ocrx_word' id='word_1_27' title='bbox 904 734 1078 836; x_wconf 82' lang='lat' dir='ltr'>proposuit</span> <span class='ocrx_word' id='word_1_28' title='bbox 1102 736 1282 810; x_wconf 74' lang='lat' dir='ltr'>adstruere</span> 
     </span>
    </p>

    <p class='ocr_par' dir='ltr' id='par_1_3' title="bbox 104 851 1282 2794">
     <span class='ocr_line' id='line_1_5' title="bbox 158 851 1279 931; baseline -0.004 -2"><span class='ocrx_word' id='word_1_29' title='bbox 158 857 324 931; x_wconf 88' lang='lat' dir='ltr'>eiusmodi</span> <span class='ocrx_word' id='word_1_30' title='bbox 346 851 590 930; x_wconf 84' lang='lat' dir='ltr'>¹sacerdotalem</span> <span class='ocrx_word' id='word_1_31' title='bbox 615 854 881 928; x_wconf 82' lang='lat' dir='ltr'>benedictionem</span> <span class='ocrx_word' id='word_1_32' title='bbox 902 854 1042 926; x_wconf 86' lang='lat' dir='ltr'>formam</span> <span class='ocrx_word' id='word_1_33' title='bbox 1064 877 1141 926; x_wconf 89' lang='lat' dir='ltr'>esse</span> <span class='ocrx_word' id='word_1_34' title='bbox 1162 876 1279 925; x_wconf 85' lang='lat' dir='ltr'>sacra·</span> 
     </span>
     <span class='ocr_line' id='line_1_6' title="bbox 104 954 1281 1070; baseline -0.005 -25"><span class='ocrx_word' id='word_1_35' title='bbox 104 954 106 958; x_wconf 27' lang='lat'>⁸</span> <span class='ocrx_word' id='word_1_36' title='bbox 158 973 262 1047; x_wconf 90' lang='lat' dir='ltr'>menti</span> <span class='ocrx_word' id='word_1_37' title='bbox 286 971 510 1058; x_wconf 79' lang='lat' dir='ltr'><strong>matrimonii,</strong></span> <span class='ocrx_word' id='word_1_38' title='bbox 536 970 627 1070; x_wconf 90' lang='lat' dir='ltr'>quod</span> <span class='ocrx_word' id='word_1_39' title='bbox 646 987 756 1044; x_wconf 90' lang='lat' dir='ltr'>tamen</span> <span class='ocrx_word' id='word_1_40' title='bbox 774 995 914 1042; x_wconf 83' lang='lat' dir='ltr'>necesse</span> <span class='ocrx_word' id='word_1_41' title='bbox 935 968 1035 1055; x_wconf 80' lang='lat' dir='ltr'>foret,</span> <span class='ocrx_word' id='word_1_42' title='bbox 1056 965 1087 1041; x_wconf 90' lang='lat' dir='ltr'>si</span> <span class='ocrx_word' id='word_1_43' title='bbox 1104 965 1180 1066; x_wconf 84' lang='lat' dir='ltr'>ipse</span> <span class='ocrx_word' id='word_1_44' title='bbox 1196 964 1281 1054; x_wconf 51' lang='lat' dir='ltr'>ceu*</span> 
     </span>
     <span class='ocr_line' id='line_1_7' title="bbox 158 1079 1276 1178; baseline -0.008 -15"><span class='ocrx_word' id='word_1_45' title='bbox 158 1089 285 1163; x_wconf 84' lang='lat' dir='ltr'>suisset</span> <span class='ocrx_word' id='word_1_46' title='bbox 296 1084 671 1161; x_wconf 78' lang='lat' dir='ltr'>sacerdotem&#39;vereesse</span> <span class='ocrx_word' id='word_1_47' title='bbox 680 1085 782 1158; x_wconf 88' lang='lat' dir='ltr'>buius</span> <span class='ocrx_word' id='word_1_48' title='bbox 793 1079 994 1158; x_wconf 80' lang='lat' dir='ltr'>sacramenti</span> <span class='ocrx_word' id='word_1_49' title='bbox 1006 1079 1197 1155; x_wconf 88' lang='lat' dir='ltr'>ministrum</span> <span class='ocrx_word' id='word_1_50' title='bbox 1206 1080 1276 1178; x_wconf 82' lang='lat'><strong>(8)&#39;.</strong></span> 
     </span>
     <span class='ocr_line' id='line_1_8' title="bbox 163 1197 1278 1301; baseline -0.006 -26"><span class='ocrx_word' id='word_1_51' title='bbox 163 1246 166 1252; x_wconf 94' lang='lat'>·</span> <span class='ocrx_word' id='word_1_52' title='bbox 231 1205 281 1275; x_wconf 92' lang='lat' dir='ltr'>Nc</span> <span class='ocrx_word' id='word_1_53' title='bbox 303 1218 414 1275; x_wconf 88' lang='lat' dir='ltr'>tamen</span> <span class='ocrx_word' id='word_1_54' title='bbox 439 1199 609 1301; x_wconf 87' lang='lat' dir='ltr'><strong>quispiam</strong></span> <span class='ocrx_word' id='word_1_55' title='bbox 635 1217 775 1298; x_wconf 80' lang='lat' dir='ltr'>regerat:</span> <span class='ocrx_word' id='word_1_56' title='bbox 790 1197 852 1274; x_wconf 90' lang='lat' dir='ltr'>nos</span> <span class='ocrx_word' id='word_1_57' title='bbox 877 1197 946 1271; x_wconf 58' lang='lat' dir='ltr'>h&#39;a&#39;c&#39;</span> <span class='ocrx_word' id='word_1_58' title='bbox 967 1197 1095 1271; x_wconf 88' lang='lat' dir='ltr'>ratione</span> <span class='ocrx_word' id='word_1_59' title='bbox 1123 1198 1192 1271; x_wconf 81' lang='lat' dir='ltr'>vim</span> <span class='ocrx_word' id='word_1_60' title='bbox 1224 1197 1278 1269; x_wconf 90' lang='lat' dir='ltr'>in-</span> 
     </span>
     <span class='ocr_line' id='line_1_9' title="bbox 158 1311 1280 1411; baseline -0.005 -21"><span class='ocrx_word' id='word_1_61' title='bbox 158 1317 246 1390; x_wconf 78' lang='lat' dir='ltr'>ferre</span> <span class='ocrx_word' id='word_1_62' title='bbox 255 1314 557 1408; x_wconf 79' lang='lat' dir='ltr'>Guiiielmirerbis,</span> <span class='ocrx_word' id='word_1_63' title='bbox 569 1313 690 1390; x_wconf 88' lang='lat' dir='ltr'>iuverit</span> <span class='ocrx_word' id='word_1_64' title='bbox 703 1331 807 1388; x_wconf 92' lang='lat' dir='ltr'>totum</span> <span class='ocrx_word' id='word_1_65' title='bbox 821 1339 937 1387; x_wconf 91' lang='lat' dir='ltr'>eorum</span> <span class='ocrx_word' id='word_1_66' title='bbox 949 1327 1139 1386; x_wconf 86' lang='lat' dir='ltr'>contextum</span> <span class='ocrx_word' id='word_1_67' title='bbox 1151 1311 1280 1411; x_wconf 83' lang='lat' dir='ltr'>expeu-</span> 
     </span>
     <span class='ocr_line' id='line_1_10' title="bbox 158 1426 1280 1528; baseline -0.001 -25"><span class='ocrx_word' id='word_1_68' title='bbox 158 1431 254 1504; x_wconf 90' lang='lat' dir='ltr'>dere:</span> <span class='ocrx_word' id='word_1_69' title='bbox 279 1456 320 1503; x_wconf 89' lang='lat' dir='ltr'>ac</span> <span class='ocrx_word' id='word_1_70' title='bbox 335 1431 447 1528; x_wconf 86' lang='lat' dir='ltr'>primo</span> <span class='ocrx_word' id='word_1_71' title='bbox 472 1428 804 1503; x_wconf 86' lang='lat' dir='ltr'>animadvertendum</span> <span class='ocrx_word' id='word_1_72' title='bbox 819 1444 887 1516; x_wconf 90' lang='lat' dir='ltr'>est,</span> <span class='ocrx_word' id='word_1_73' title='bbox 908 1426 1096 1527; x_wconf 88' lang='lat' dir='ltr'>quoddam</span> <span class='ocrx_word' id='word_1_74' title='bbox 1114 1426 1190 1525; x_wconf 87' lang='lat' dir='ltr'>ipse</span> <span class='ocrx_word' id='word_1_75' title='bbox 1204 1426 1280 1502; x_wconf 53' lang='lat' dir='ltr'>&#39;diis</span> 
     </span>
     <span class='ocr_line' id='line_1_11' title="bbox 159 1541 1280 1644; baseline -0.004 -25"><span class='ocrx_word' id='word_1_76' title='bbox 159 1546 241 1619; x_wconf 92' lang='lat' dir='ltr'>serit</span> <span class='ocrx_word' id='word_1_77' title='bbox 264 1545 307 1617; x_wconf 92' lang='lat' dir='ltr'>de</span> <span class='ocrx_word' id='word_1_78' title='bbox 333 1561 543 1623; x_wconf 89' lang='lat' dir='ltr'>sacramento</span> <span class='ocrx_word' id='word_1_79' title='bbox 568 1544 809 1644; x_wconf 88' lang='lat' dir='ltr'>poenitentiae:</span> <span class='ocrx_word' id='word_1_80' title='bbox 834 1574 851 1612; x_wconf 83' lang='lat' dir='ltr'>o</span> <span class='ocrx_word' id='word_1_81' title='bbox 868 1543 1122 1634; x_wconf 81' lang='lat' dir='ltr'>Inconfitente,</span> <span class='ocrx_word' id='word_1_82' title='bbox 1147 1541 1280 1641; x_wconf 70' lang='lat' dir='ltr'>inquit,-</span> 
     </span>
     <span class='ocr_line' id='line_1_12' title="bbox 159 1645 1281 1760; baseline -0.003 -27"><span class='ocrx_word' id='word_1_83' title='bbox 159 1676 197 1733; x_wconf 91' lang='lat' dir='ltr'>ut</span> <span class='ocrx_word' id='word_1_84' title='bbox 214 1660 350 1735; x_wconf 78' lang='lat' dir='ltr'>uincula</span> <span class='ocrx_word' id='word_1_85' title='bbox 370 1645 583 1760; x_wconf 85' lang='lat' dir='ltr'>peccatorum</span> <span class='ocrx_word' id='word_1_86' title='bbox 598 1656 913 1759; x_wconf 78' lang='lat' dir='ltr'>:disrumpanturet</span> <span class='ocrx_word' id='word_1_87' title='bbox 931 1658 1021 1731; x_wconf 86' lang='lat' dir='ltr'>done</span> <span class='ocrx_word' id='word_1_88' title='bbox 1037 1655 1228 1755; x_wconf 52' lang='lat' dir='ltr'>’gratiarum</span> <span class='ocrx_word' id='word_1_89' title='bbox 1245 1659 1281 1732; x_wconf 88' lang='lat' dir='ltr'>ai</span> 
     </span>
     <span class='ocr_line' id='line_1_13' title="bbox 161 1771 1280 1865; baseline -0.004 -16"><span class='ocrx_word' id='word_1_90' title='bbox 161 1777 397 1865; x_wconf 80' lang='lat' dir='ltr'>restituantur,</span> <span class='ocrx_word' id='word_1_91' title='bbox 432 1776 606 1848; x_wconf 81' lang='lat' dir='ltr'>benedictio</span> <span class='ocrx_word' id='word_1_92' title='bbox 635 1773 868 1860; x_wconf 83' lang='lat' dir='ltr'>sacerdotalis,¹</span> <span class='ocrx_word' id='word_1_93' title='bbox 889 1772 931 1848; x_wconf 62' lang='lat' dir='ltr'>⁴et</span> <span class='ocrx_word' id='word_1_94' title='bbox 955 1773 1121 1848; x_wconf 87' lang='lat' dir='ltr'>absolutio</span> <span class='ocrx_word' id='word_1_95' title='bbox 1150 1771 1280 1848; x_wconf 59' lang='lat' dir='ltr'>faciti</span> 
     </span>
     <span class='ocr_line' id='line_1_14' title="bbox 160 1888 1277 1989; baseline -0.002 -27"><span class='ocrx_word' id='word_1_96' title='bbox 160 1892 233 1962; x_wconf 88' lang='lat' dir='ltr'>lam</span> <span class='ocrx_word' id='word_1_97' title='bbox 255 1889 336 1963; x_wconf 78' lang='lat' dir='ltr'>¹vero</span> <span class='ocrx_word' id='word_1_98' title='bbox 357 1888 564 1989; x_wconf 86' lang='lat' dir='ltr'>exploratum</span> <span class='ocrx_word' id='word_1_99' title='bbox 588 1889 698 1962; x_wconf 88' lang='lat' dir='ltr'>estin</span> <span class='ocrx_word' id='word_1_100' title='bbox 723 1889 789 1963; x_wconf 92' lang='lat' dir='ltr'>hoc</span> <span class='ocrx_word' id='word_1_101' title='bbox 813 1903 1020 1963; x_wconf 85' lang='lat' dir='ltr'>sacramento</span> <span class='ocrx_word' id='word_1_102' title='bbox 1044 1888 1190 1962; x_wconf 77' lang='lat' dir='ltr'>sormam</span> <span class='ocrx_word' id='word_1_103' title='bbox 1210 1914 1277 1962; x_wconf 90' lang='lat' dir='ltr'>nou</span> 
     </span>
     <span class='ocr_line' id='line_1_15' title="bbox 158 2002 1278 2096; baseline -0.002 -21"><span class='ocrx_word' id='word_1_104' title='bbox 158 2004 193 2077; x_wconf 92' lang='lat' dir='ltr'>in</span> <span class='ocrx_word' id='word_1_105' title='bbox 218 2003 449 2096; x_wconf 87' lang='lat' dir='ltr'>benedictione</span> <span class='ocrx_word' id='word_1_106' title='bbox 474 2003 690 2091; x_wconf 87' lang='lat' dir='ltr'>sacerdotali,</span> <span class='ocrx_word' id='word_1_107' title='bbox 716 2003 834 2076; x_wconf 90' lang='lat' dir='ltr'>sedin</span> <span class='ocrx_word' id='word_1_108' title='bbox 862 2002 934 2076; x_wconf 86' lang='lat' dir='ltr'>sola</span> <span class='ocrx_word' id='word_1_109' title='bbox 959 2002 1278 2076; x_wconf 76' lang='lat' dir='ltr'>absolutione&#39;oon·</span> 
     </span>
     <span class='ocr_line' id='line_1_16' title="bbox 158 2117 1282 2219; baseline 0.001 -27"><span class='ocrx_word' id='word_1_110' title='bbox 158 2121 303 2208; x_wconf 66' lang='lat' dir='ltr'>sistere3’</span> <span class='ocrx_word' id='word_1_111' title='bbox 320 2135 465 2195; x_wconf 85' lang='lat' dir='ltr'>attamen</span> <span class='ocrx_word' id='word_1_112' title='bbox 475 2180 477 2185; x_wconf 94' lang='lat'><em>.</em></span> <span class='ocrx_word' id='word_1_113' title='bbox 489 2119 685 2194; x_wconf 88' lang='lat' dir='ltr'>Guiiielmus</span> <span class='ocrx_word' id='word_1_114' title='bbox 696 2121 823 2194; x_wconf 90' lang='lat' dir='ltr'>eadem</span> <span class='ocrx_word' id='word_1_115' title='bbox 844 2119 972 2193; x_wconf 89' lang='lat' dir='ltr'>ratione</span> <span class='ocrx_word' id='word_1_116' title='bbox 986 2117 1030 2193; x_wconf 87' lang='lat' dir='ltr'>de</span> <span class='ocrx_word' id='word_1_117' title='bbox 1047 2137 1189 2219; x_wconf 87' lang='lat' dir='ltr'>utraque</span> <span class='ocrx_word' id='word_1_118' title='bbox 1206 2118 1282 2214; x_wconf 83' lang='lat' dir='ltr'>die-</span> 
     </span>
     <span class='ocr_line' id='line_1_17' title="bbox 157 2231 1278 2336; baseline 0 -27"><span class='ocrx_word' id='word_1_119' title='bbox 157 2236 257 2325; x_wconf 88' lang='lat' dir='ltr'>serit,</span> <span class='ocrx_word' id='word_1_120' title='bbox 278 2253 311 2310; x_wconf 91' lang='lat' dir='ltr'>et</span> <span class='ocrx_word' id='word_1_121' title='bbox 326 2242 515 2336; x_wconf 87' lang='lat' dir='ltr'>utramque,</span> <span class='ocrx_word' id='word_1_122' title='bbox 528 2236 806 2324; x_wconf 83' lang='lat' dir='ltr'>¹benedictionem</span> <span class='ocrx_word' id='word_1_123' title='bbox 824 2231 952 2309; x_wconf 89' lang='lat' dir='ltr'>scilicet</span> <span class='ocrx_word' id='word_1_124' title='bbox 965 2251 998 2308; x_wconf 94' lang='lat' dir='ltr'>et</span> <span class='ocrx_word' id='word_1_125' title='bbox 1010 2235 1256 2309; x_wconf 90' lang='lat' dir='ltr'>absolutionem</span> <span class='ocrx_word' id='word_1_126' title='bbox 1265 2235 1278 2324; x_wconf 70' lang='lat'>,&#39;</span> 
     </span>
     <span class='ocr_line' id='line_1_18' title="bbox 159 2350 1280 2448; baseline 0.002 -26"><span class='ocrx_word' id='word_1_127' title='bbox 159 2377 220 2448; x_wconf 91' lang='lat' dir='ltr'>per</span> <span class='ocrx_word' id='word_1_128' title='bbox 243 2351 381 2431; x_wconf 89' lang='lat' dir='ltr'>modum</span> <span class='ocrx_word' id='word_1_129' title='bbox 405 2352 508 2425; x_wconf 91' lang='lat' dir='ltr'>unius</span> <span class='ocrx_word' id='word_1_130' title='bbox 527 2351 725 2448; x_wconf 82' lang='lat' dir='ltr'>coniungit,</span> <span class='ocrx_word' id='word_1_131' title='bbox 750 2350 890 2448; x_wconf 82' lang='lat' dir='ltr'>perinde</span> <span class='ocrx_word' id='word_1_132' title='bbox 909 2377 949 2423; x_wconf 87' lang='lat' dir='ltr'>ac</span> <span class='ocrx_word' id='word_1_133' title='bbox 969 2351 999 2424; x_wconf 86' lang='lat' dir='ltr'>si</span> <span class='ocrx_word' id='word_1_134' title='bbox 1020 2365 1135 2424; x_wconf 83' lang='lat' dir='ltr'>essent</span> <span class='ocrx_word' id='word_1_135' title='bbox 1158 2350 1280 2424; x_wconf 84' lang='lat' dir='ltr'>amhae</span> 
     </span>
     <span class='ocr_line' id='line_1_19' title="bbox 158 2457 1281 2564; baseline 0.001 -29"><span class='ocrx_word' id='word_1_136' title='bbox 158 2464 310 2537; x_wconf 90' lang='lat' dir='ltr'>eiusdem</span> <span class='ocrx_word' id='word_1_137' title='bbox 328 2465 497 2552; x_wconf 69' lang='lat' dir='ltr'>uirtutis,</span> <span class='ocrx_word' id='word_1_138' title='bbox 515 2465 606 2564; x_wconf 93' lang='lat' dir='ltr'>quod</span> <span class='ocrx_word' id='word_1_139' title='bbox 627 2457 775 2563; x_wconf 84' lang='lat' dir='ltr'>proiecto</span> <span class='ocrx_word' id='word_1_140' title='bbox 797 2466 895 2537; x_wconf 87' lang='lat' dir='ltr'>uerno</span> <span class='ocrx_word' id='word_1_141' title='bbox 915 2465 1015 2538; x_wconf 91' lang='lat' dir='ltr'>dicet.</span> <span class='ocrx_word' id='word_1_142' title='bbox 1033 2465 1186 2538; x_wconf 89' lang='lat' dir='ltr'>Secundo</span> <span class='ocrx_word' id='word_1_143' title='bbox 1204 2464 1281 2538; x_wconf 60' lang='lat' dir='ltr'>aab</span> 
     </span>
     <span class='ocr_line' id='line_1_20' title="bbox 158 2576 1281 2678; baseline 0.004 -30"><span class='ocrx_word' id='word_1_144' title='bbox 158 2576 431 2650; x_wconf 69' lang='lat' dir='ltr'>madvertendum</span> <span class='ocrx_word' id='word_1_145' title='bbox 445 2635 452 2664; x_wconf 91' lang='lat'>‚</span> <span class='ocrx_word' id='word_1_146' title='bbox 468 2578 577 2676; x_wconf 85' lang='lat' dir='ltr'>¹quod,</span> <span class='ocrx_word' id='word_1_147' title='bbox 594 2578 674 2650; x_wconf 91' lang='lat' dir='ltr'>dum</span> <span class='ocrx_word' id='word_1_148' title='bbox 688 2576 778 2648; x_wconf 91' lang='lat' dir='ltr'>idem</span> <span class='ocrx_word' id='word_1_149' title='bbox 796 2582 911 2650; x_wconf 79' lang='lat' dir='ltr'>auctor</span> <span class='ocrx_word' id='word_1_150' title='bbox 924 2577 1076 2678; x_wconf 83' lang='lat' dir='ltr'>loquitur</span> <span class='ocrx_word' id='word_1_151' title='bbox 1090 2579 1133 2651; x_wconf 93' lang='lat' dir='ltr'>de</span> <span class='ocrx_word' id='word_1_152' title='bbox 1153 2579 1252 2653; x_wconf 76' lang='lat' dir='ltr'>effect</span> <span class='ocrx_word' id='word_1_153' title='bbox 1274 2599 1281 2616; x_wconf 64' lang='lat'>‘</span> 
     </span>
     <span class='ocr_line' id='line_1_21' title="bbox 160 2690 1278 2794; baseline 0.006 -33"><span class='ocrx_word' id='word_1_154' title='bbox 160 2690 301 2763; x_wconf 88' lang='lat' dir='ltr'>aliorum</span> <span class='ocrx_word' id='word_1_155' title='bbox 319 2697 615 2780; x_wconf 86' lang='lat' dir='ltr'>sacramentorum,</span> <span class='ocrx_word' id='word_1_156' title='bbox 631 2692 769 2765; x_wconf 66' lang='lat' dir='ltr'>‚diversa</span> <span class='ocrx_word' id='word_1_157' title='bbox 786 2708 897 2766; x_wconf 90' lang='lat' dir='ltr'>utatur</span> <span class='ocrx_word' id='word_1_158' title='bbox 914 2693 1056 2767; x_wconf 82' lang='lat' dir='ltr'>formula</span> <span class='ocrx_word' id='word_1_159' title='bbox 1068 2693 1110 2767; x_wconf 87' lang='lat' dir='ltr'>ab</span> <span class='ocrx_word' id='word_1_160' title='bbox 1122 2720 1162 2767; x_wconf 90' lang='lat' dir='ltr'>ea</span> <span class='ocrx_word' id='word_1_161' title='bbox 1174 2697 1278 2794; x_wconf 86' lang='lat' dir='ltr'>quam</span> 
     </span>
    </p>
   </div>
   <div class='ocr_carea' id='block_1_3' title="bbox 155 2895 1313 4382">
    <p class='ocr_par' dir='ltr' id='par_1_4' title="bbox 155 2895 1313 4382">
     <span class='ocr_line' id='line_1_22' title="bbox 233 2895 1280 2969; baseline 0.002 -23"><span class='ocrx_word' id='word_1_162' title='bbox 233 2895 268 2967; x_wconf 80' lang='lat'>(8)</span> <span class='ocrx_word' id='word_1_163' title='bbox 287 2897 353 2946; x_wconf 87' lang='lat' dir='ltr'>llaec</span> <span class='ocrx_word' id='word_1_164' title='bbox 368 2906 432 2960; x_wconf 86' lang='lat' dir='ltr'>quae</span> <span class='ocrx_word' id='word_1_165' title='bbox 447 2896 552 2947; x_wconf 81' lang='lat' dir='ltr'>dicimus</span> <span class='ocrx_word' id='word_1_166' title='bbox 571 2897 652 2947; x_wconf 91' lang='lat' dir='ltr'>lucem</span> <span class='ocrx_word' id='word_1_167' title='bbox 672 2898 815 2948; x_wconf 86' lang='lat' dir='ltr'>mutuentur</span> <span class='ocrx_word' id='word_1_168' title='bbox 835 2910 863 2948; x_wconf 83' lang='lat' dir='ltr'>ex</span> <span class='ocrx_word' id='word_1_169' title='bbox 884 2910 926 2960; x_wconf 90' lang='lat' dir='ltr'>eo,</span> <span class='ocrx_word' id='word_1_170' title='bbox 942 2897 1009 2969; x_wconf 86' lang='lat' dir='ltr'>quod</span> <span class='ocrx_word' id='word_1_171' title='bbox 1025 2910 1082 2947; x_wconf 92' lang='lat' dir='ltr'>cum</span> <span class='ocrx_word' id='word_1_172' title='bbox 1097 2896 1188 2961; x_wconf 88' lang='lat' dir='ltr'>pietate</span> <span class='ocrx_word' id='word_1_173' title='bbox 1200 2896 1280 2948; x_wconf 81' lang='lat' dir='ltr'>deler-</span> 
     </span>
     <span class='ocr_line' id='line_1_23' title="bbox 161 2976 1313 3044; baseline 0.003 -20"><span class='ocrx_word' id='word_1_174' title='bbox 161 2976 274 3026; x_wconf 85' lang='lat' dir='ltr'>vescente</span> <span class='ocrx_word' id='word_1_175' title='bbox 285 2989 334 3044; x_wconf 86' lang='lat' dir='ltr'>non</span> <span class='ocrx_word' id='word_1_176' title='bbox 344 2976 417 3040; x_wconf 87' lang='lat' dir='ltr'>pauci</span> <span class='ocrx_word' id='word_1_177' title='bbox 427 2977 553 3044; x_wconf 85' lang='lat' dir='ltr'>christiani</span> <span class='ocrx_word' id='word_1_178' title='bbox 564 2989 628 3026; x_wconf 85' lang='lat' dir='ltr'>saec.</span> <span class='ocrx_word' id='word_1_179' title='bbox 641 2979 706 3027; x_wconf 78' lang='lat' dir='ltr'>Vlll.</span> <span class='ocrx_word' id='word_1_180' title='bbox 719 2978 744 3026; x_wconf 91' lang='lat' dir='ltr'>et</span> <span class='ocrx_word' id='word_1_181' title='bbox 753 2979 800 3027; x_wconf 64' lang='lat' dir='ltr'>lx:</span> <span class='ocrx_word' id='word_1_182' title='bbox 810 2989 825 3027; x_wconf 89' lang='lat' dir='ltr'>a</span> <span class='ocrx_word' id='word_1_183' title='bbox 836 2978 932 3028; x_wconf 84' lang='lat' dir='ltr'>vetusta</span> <span class='ocrx_word' id='word_1_184' title='bbox 944 2990 973 3026; x_wconf 87' lang='lat' dir='ltr'>ao</span> <span class='ocrx_word' id='word_1_185' title='bbox 988 2977 1088 3027; x_wconf 85' lang='lat' dir='ltr'>laudata</span> <span class='ocrx_word' id='word_1_186' title='bbox 1103 2977 1279 3028; x_wconf 88' lang='lat' dir='ltr'>consuetudine</span> <span class='ocrx_word' id='word_1_187' title='bbox 1310 3015 1313 3022; x_wconf 86' lang='grc'>.</span> 
     </span>
     <span class='ocr_line' id='line_1_24' title="bbox 162 3054 1279 3128; baseline 0.008 -24"><span class='ocrx_word' id='word_1_188' title='bbox 162 3054 325 3106; x_wconf 85' lang='lat' dir='ltr'>desciscerent</span> <span class='ocrx_word' id='word_1_189' title='bbox 341 3056 476 3128; x_wconf 82' lang='lat' dir='ltr'>nuptialem</span> <span class='ocrx_word' id='word_1_190' title='bbox 493 3056 688 3108; x_wconf 86' lang='lat' dir='ltr'>benedictionem</span> <span class='ocrx_word' id='word_1_191' title='bbox 697 3070 712 3107; x_wconf 90' lang='lat' dir='ltr'>e</span> <span class='ocrx_word' id='word_1_192' title='bbox 722 3057 849 3108; x_wconf 88' lang='lat' dir='ltr'>sacerdote</span> <span class='ocrx_word' id='word_1_193' title='bbox 861 3057 1005 3120; x_wconf 78' lang='lat' dir='ltr'>exquirendi</span> <span class='ocrx_word' id='word_1_194' title='bbox 1017 3057 1042 3107; x_wconf 91' lang='lat' dir='ltr'>in</span> <span class='ocrx_word' id='word_1_195' title='bbox 1053 3057 1216 3112; x_wconf 81' lang='lat' dir='ltr'>celebratione</span> <span class='ocrx_word' id='word_1_196' title='bbox 1222 3065 1279 3113; x_wconf 77' lang='lat' dir='ltr'>soe·</span> 
     </span>
     <span class='ocr_line' id='line_1_25' title="bbox 160 3136 1277 3204; baseline 0.002 -17"><span class='ocrx_word' id='word_1_197' title='bbox 160 3147 216 3187; x_wconf 84' lang='lat' dir='ltr'>rum</span> <span class='ocrx_word' id='word_1_198' title='bbox 225 3136 403 3199; x_wconf 77' lang='lat' dir='ltr'>coniugiorum.</span> <span class='ocrx_word' id='word_1_199' title='bbox 416 3136 519 3191; x_wconf 73' lang='lat' dir='ltr'>carolus</span> <span class='ocrx_word' id='word_1_200' title='bbox 528 3149 630 3204; x_wconf 78' lang='lat' dir='ltr'>magnus</span> <span class='ocrx_word' id='word_1_201' title='bbox 642 3137 708 3188; x_wconf 89' lang='lat' dir='ltr'>circa</span> <span class='ocrx_word' id='word_1_202' title='bbox 717 3149 809 3189; x_wconf 87' lang='lat' dir='ltr'>annum</span> <span class='ocrx_word' id='word_1_203' title='bbox 822 3141 979 3189; x_wconf 83' lang='lat' dir='ltr'>Dchllllx.</span> <span class='ocrx_word' id='word_1_204' title='bbox 988 3138 1013 3188; x_wconf 92' lang='lat' dir='ltr'>iu</span> <span class='ocrx_word' id='word_1_205' title='bbox 1021 3137 1277 3202; x_wconf 85' lang='lat' dir='ltr'>occidentalibusper·</span> 
     </span>
     <span class='ocr_line' id='line_1_26' title="bbox 160 3203 1277 3283; baseline 0.004 -20"><span class='ocrx_word' id='word_1_206' title='bbox 160 3209 227 3264; x_wconf 85' lang='lat' dir='ltr'>tibus</span> <span class='ocrx_word' id='word_1_207' title='bbox 247 3212 384 3264; x_wconf 83' lang='lat' dir='ltr'>restaurare</span> <span class='ocrx_word' id='word_1_208' title='bbox 406 3214 507 3278; x_wconf 90' lang='lat' dir='ltr'>cupiens</span> <span class='ocrx_word' id='word_1_209' title='bbox 527 3207 654 3277; x_wconf 78' lang='lat' dir='ltr'>antiquam</span> <span class='ocrx_word' id='word_1_210' title='bbox 675 3203 845 3280; x_wconf 79' lang='lat' dir='ltr'>disciplinam,</span> <span class='ocrx_word' id='word_1_211' title='bbox 869 3216 1031 3283; x_wconf 73' lang='lat' dir='ltr'>annuentibus</span> <span class='ocrx_word' id='word_1_212' title='bbox 1050 3217 1183 3280; x_wconf 84' lang='lat' dir='ltr'>episcopis,</span> <span class='ocrx_word' id='word_1_213' title='bbox 1200 3217 1277 3280; x_wconf 67' lang='lat' dir='ltr'>legem</span> 
     </span>
     <span class='ocr_line' id='line_1_27' title="bbox 161 3285 1279 3358; baseline 0.004 -16"><span class='ocrx_word' id='word_1_214' title='bbox 161 3293 234 3356; x_wconf 87' lang='lat' dir='ltr'>tulit,</span> <span class='ocrx_word' id='word_1_215' title='bbox 250 3305 299 3357; x_wconf 79' lang='lat' dir='ltr'>qua</span> <span class='ocrx_word' id='word_1_216' title='bbox 316 3293 412 3343; x_wconf 87' lang='lat' dir='ltr'>nullum</span> <span class='ocrx_word' id='word_1_217' title='bbox 427 3295 584 3358; x_wconf 77' lang='lat' dir='ltr'>muiugium,</span> <span class='ocrx_word' id='word_1_218' title='bbox 604 3295 652 3344; x_wconf 89' lang='lat' dir='ltr'>nisi</span> <span class='ocrx_word' id='word_1_219' title='bbox 669 3307 726 3344; x_wconf 89' lang='lat' dir='ltr'>oum</span> <span class='ocrx_word' id='word_1_220' title='bbox 741 3295 853 3358; x_wconf 84' lang='lat' dir='ltr'>precibus</span> <span class='ocrx_word' id='word_1_221' title='bbox 867 3296 893 3344; x_wconf 91' lang='lat' dir='ltr'>et</span> <span class='ocrx_word' id='word_1_222' title='bbox 906 3295 1072 3345; x_wconf 86' lang='lat' dir='ltr'>oblationibus</span> <span class='ocrx_word' id='word_1_223' title='bbox 1085 3285 1279 3346; x_wconf 83' lang='lat' dir='ltr'>sacerdotalibus</span> 
     </span>
     <span class='ocr_line' id='line_1_28' title="bbox 160 3372 1279 3440; baseline 0.003 -18"><span class='ocrx_word' id='word_1_224' title='bbox 160 3372 244 3435; x_wconf 78' lang='lat' dir='ltr'>deret,</span> <span class='ocrx_word' id='word_1_225' title='bbox 256 3375 459 3440; x_wconf 85' lang='lat' dir='ltr'>etquaeeumque</span> <span class='ocrx_word' id='word_1_226' title='bbox 476 3374 592 3436; x_wconf 68' lang='lat' dir='ltr'>,maingis</span> <span class='ocrx_word' id='word_1_227' title='bbox 607 3373 683 3426; x_wconf 65' lang='lat' dir='ltr'>&#39;aliter</span> <span class='ocrx_word' id='word_1_228' title='bbox 700 3374 765 3438; x_wconf 83' lang='lat' dir='ltr'>lacta</span> <span class='ocrx_word' id='word_1_229' title='bbox 780 3376 877 3436; x_wconf 78' lang='lat' dir='ltr'>essem,</span> <span class='ocrx_word' id='word_1_230' title='bbox 897 3386 926 3424; x_wconf 87' lang='lat' dir='ltr'>ea</span> <span class='ocrx_word' id='word_1_231' title='bbox 943 3387 993 3424; x_wconf 88' lang='lat' dir='ltr'>non</span> <span class='ocrx_word' id='word_1_232' title='bbox 1008 3386 1066 3424; x_wconf 83' lang='lat' dir='ltr'>vera</span> <span class='ocrx_word' id='word_1_233' title='bbox 1088 3374 1217 3438; x_wconf 81' lang='lat' dir='ltr'>coniugia,</span> <span class='ocrx_word' id='word_1_234' title='bbox 1227 3373 1279 3425; x_wconf 83' lang='lat' dir='ltr'>sed</span> 
     </span>
     <span class='ocr_line' id='line_1_29' title="bbox 161 3442 1278 3518; baseline 0.003 -17"><span class='ocrx_word' id='word_1_235' title='bbox 161 3451 340 3514; x_wconf 81' lang='lat' dir='ltr'>adulteriora,</span> <span class='ocrx_word' id='word_1_236' title='bbox 360 3442 565 3507; x_wconf 74' lang='lat' dir='ltr'>concubinatum</span> <span class='ocrx_word' id='word_1_237' title='bbox 582 3455 608 3504; x_wconf 87' lang='lat' dir='ltr'>et</span> <span class='ocrx_word' id='word_1_238' title='bbox 620 3451 827 3515; x_wconf 74' lang='lat' dir='ltr'>fornicationem</span> <span class='ocrx_word' id='word_1_239' title='bbox 842 3453 926 3503; x_wconf 88' lang='lat' dir='ltr'>haberi</span> <span class='ocrx_word' id='word_1_240' title='bbox 942 3454 1021 3513; x_wconf 88' lang='lat' dir='ltr'>iussit.</span> <span class='ocrx_word' id='word_1_241' title='bbox 1034 3457 1070 3504; x_wconf 84' lang='lat' dir='ltr'>Eu</span> <span class='ocrx_word' id='word_1_242' title='bbox 1083 3455 1159 3504; x_wconf 85' lang='lat' dir='ltr'>verba</span> <span class='ocrx_word' id='word_1_243' title='bbox 1176 3453 1278 3518; x_wconf 82' lang='lat' dir='ltr'>capituli</span> 
     </span>
     <span class='ocr_line' id='line_1_30' title="bbox 158 3532 1278 3598; baseline 0.002 -16"><span class='ocrx_word' id='word_1_244' title='bbox 158 3534 328 3583; x_wconf 81' lang='lat' dir='ltr'>ccchxlll.</span> <span class='ocrx_word' id='word_1_245' title='bbox 341 3532 399 3582; x_wconf 91' lang='lat' dir='ltr'>libri</span> <span class='ocrx_word' id='word_1_246' title='bbox 412 3535 467 3584; x_wconf 83' lang='lat' dir='ltr'>vll.</span> <span class='ocrx_word' id='word_1_247' title='bbox 480 3533 630 3598; x_wconf 80' lang='lat' dir='ltr'>capitularis</span> <span class='ocrx_word' id='word_1_248' title='bbox 640 3534 724 3585; x_wconf 71' lang='lat' dir='ltr'>Caroli</span> <span class='ocrx_word' id='word_1_249' title='bbox 739 3536 772 3584; x_wconf 87' lang='grc' dir='ltr'>Μ.</span> <span class='ocrx_word' id='word_1_250' title='bbox 786 3534 884 3590; x_wconf 75' lang='lat' dir='ltr'>«iliter¹</span> <span class='ocrx_word' id='word_1_251' title='bbox 899 3534 1052 3597; x_wconf 82' lang='lat' dir='ltr'>legitimum.</span> <span class='ocrx_word' id='word_1_252' title='bbox 1065 3548 1129 3585; x_wconf 91' lang='lat' dir='ltr'>.non</span> <span class='ocrx_word' id='word_1_253' title='bbox 1146 3535 1179 3585; x_wconf 88' lang='lat' dir='ltr'>sit</span> <span class='ocrx_word' id='word_1_254' title='bbox 1193 3533 1278 3586; x_wconf 89' lang='lat' dir='ltr'>oonia-</span> 
     </span>
     <span class='ocr_line' id='line_1_31' title="bbox 158 3611 1276 3684; baseline 0.004 -24"><span class='ocrx_word' id='word_1_255' title='bbox 158 3611 240 3675; x_wconf 80' lang='lat' dir='ltr'>ginm,</span> <span class='ocrx_word' id='word_1_256' title='bbox 258 3611 306 3662; x_wconf 90' lang='lat' dir='ltr'>nisi</span> <span class='ocrx_word' id='word_1_257' title='bbox 324 3611 356 3661; x_wconf 88' lang='lat' dir='ltr'>ab</span> <span class='ocrx_word' id='word_1_258' title='bbox 375 3612 414 3664; x_wconf 90' lang='lat' dir='ltr'>his</span> <span class='ocrx_word' id='word_1_259' title='bbox 433 3612 476 3676; x_wconf 89' lang='lat' dir='ltr'>qui</span> <span class='ocrx_word' id='word_1_260' title='bbox 493 3626 566 3678; x_wconf 89' lang='lat' dir='ltr'>super</span> <span class='ocrx_word' id='word_1_261' title='bbox 584 3613 663 3677; x_wconf 87' lang='lat' dir='ltr'>ipsam</span> <span class='ocrx_word' id='word_1_262' title='bbox 677 3613 809 3664; x_wconf 83' lang='lat' dir='ltr'>foeminam</span> <span class='ocrx_word' id='word_1_263' title='bbox 825 3613 1023 3684; x_wconf 78' lang='lat' dir='ltr'>dominationem</span> <span class='ocrx_word' id='word_1_264' title='bbox 1035 3613 1125 3664; x_wconf 87' lang='lat' dir='ltr'>habere</span> <span class='ocrx_word' id='word_1_265' title='bbox 1142 3613 1276 3678; x_wconf 77' lang='lat' dir='ltr'>videntur,</span> 
     </span>
     <span class='ocr_line' id='line_1_32' title="bbox 160 3691 1274 3764; baseline 0.002 -22"><span class='ocrx_word' id='word_1_266' title='bbox 160 3694 186 3743; x_wconf 91' lang='lat' dir='ltr'>ol</span> <span class='ocrx_word' id='word_1_267' title='bbox 196 3704 212 3742; x_wconf 87' lang='lat' dir='ltr'>a</span> <span class='ocrx_word' id='word_1_268' title='bbox 221 3691 312 3756; x_wconf 85' lang='lat' dir='ltr'>quibus</span> <span class='ocrx_word' id='word_1_269' title='bbox 322 3693 474 3757; x_wconf 88' lang='lat' dir='ltr'>custoditur,</span> <span class='ocrx_word' id='word_1_270' title='bbox 483 3708 546 3745; x_wconf 79' lang='lat' dir='ltr'>uxor</span> <span class='ocrx_word' id='word_1_271' title='bbox 560 3696 671 3758; x_wconf 87' lang='lat' dir='ltr'>petatur,</span> <span class='ocrx_word' id='word_1_272' title='bbox 682 3696 707 3744; x_wconf 93' lang='lat' dir='ltr'>et</span> <span class='ocrx_word' id='word_1_273' title='bbox 718 3707 733 3743; x_wconf 92' lang='lat' dir='ltr'>a</span> <span class='ocrx_word' id='word_1_274' title='bbox 744 3693 883 3756; x_wconf 88' lang='lat' dir='ltr'>parentibus</span> <span class='ocrx_word' id='word_1_275' title='bbox 899 3693 1115 3764; x_wconf 81' lang='lat' dir='ltr'>propinquioribus</span> <span class='ocrx_word' id='word_1_276' title='bbox 1131 3696 1274 3758; x_wconf 89' lang='lat' dir='ltr'>sponsetur,</span> 
     </span>
     <span class='ocr_line' id='line_1_33' title="bbox 158 3763 1303 3836; baseline 0.002 -15"><span class='ocrx_word' id='word_1_277' title='bbox 158 3772 184 3821; x_wconf 87' lang='lat' dir='ltr'>et</span> <span class='ocrx_word' id='word_1_278' title='bbox 202 3770 296 3835; x_wconf 80' lang='lat' dir='ltr'>legibus</span> <span class='ocrx_word' id='word_1_279' title='bbox 315 3771 429 3836; x_wconf 86' lang='lat' dir='ltr'>dotetur;</span> <span class='ocrx_word' id='word_1_280' title='bbox 450 3775 475 3823; x_wconf 91' lang='lat' dir='ltr'>et</span> <span class='ocrx_word' id='word_1_281' title='bbox 496 3787 541 3824; x_wconf 89' lang='lat' dir='ltr'>suo</span> <span class='ocrx_word' id='word_1_282' title='bbox 556 3776 666 3836; x_wconf 86' lang='lat' dir='ltr'>tempore</span> <span class='ocrx_word' id='word_1_283' title='bbox 684 3763 926 3835; x_wconf 84' lang='lat' dir='ltr'>sacerdotaliter,·ut</span> <span class='ocrx_word' id='word_1_284' title='bbox 945 3785 998 3822; x_wconf 89' lang='lat' dir='ltr'>mos</span> <span class='ocrx_word' id='word_1_285' title='bbox 1016 3765 1066 3834; x_wconf 84' lang='lat' dir='ltr'>eet,</span> <span class='ocrx_word' id='word_1_286' title='bbox 1087 3786 1144 3822; x_wconf 89' lang='lat' dir='ltr'>cum</span> <span class='ocrx_word' id='word_1_287' title='bbox 1163 3773 1277 3836; x_wconf 89' lang='lat' dir='ltr'>precibus</span> <span class='ocrx_word' id='word_1_288' title='bbox 1297 3795 1303 3810; x_wconf 71' lang='lat'><em>·</em></span> 
     </span>
     <span class='ocr_line' id='line_1_34' title="bbox 155 3846 1275 3920; baseline 0.001 -20"><span class='ocrx_word' id='word_1_289' title='bbox 155 3851 181 3900; x_wconf 91' lang='lat' dir='ltr'>et</span> <span class='ocrx_word' id='word_1_290' title='bbox 199 3846 364 3902; x_wconf 82' lang='lat' dir='ltr'>oblationibus</span> <span class='ocrx_word' id='word_1_291' title='bbox 383 3852 542 3914; x_wconf 15' lang='lat' dir='ltr'>ansacerdote</span> <span class='ocrx_word' id='word_1_292' title='bbox 559 3851 745 3903; x_wconf 55' lang='lat' dir='ltr'>benedicatur:¹</span> <span class='ocrx_word' id='word_1_293' title='bbox 758 3887 780 3900; x_wconf 92' lang='lat'>..</span> <span class='ocrx_word' id='word_1_294' title='bbox 794 3851 886 3901; x_wconf 79' lang='lat' dir='ltr'>Taliter</span> <span class='ocrx_word' id='word_1_295' title='bbox 896 3852 961 3917; x_wconf 85' lang='lat' dir='ltr'>enirn</span> <span class='ocrx_word' id='word_1_296' title='bbox 975 3851 1115 3920; x_wconf 84' lang='lat' dir='ltr'>etDomino</span> <span class='ocrx_word' id='word_1_297' title='bbox 1129 3851 1275 3914; x_wconf 77' lang='lat' dir='ltr'>placebunt„</span> 
     </span>
     <span class='ocr_line' id='line_1_35' title="bbox 158 3929 1276 3996; baseline 0.001 -17"><span class='ocrx_word' id='word_1_298' title='bbox 158 3931 183 3980; x_wconf 92' lang='lat' dir='ltr'>et</span> <span class='ocrx_word' id='word_1_299' title='bbox 193 3929 258 3980; x_wconf 88' lang='lat' dir='ltr'>lilios</span> <span class='ocrx_word' id='word_1_300' title='bbox 268 3943 321 3981; x_wconf 81' lang='lat' dir='ltr'>noa</span> <span class='ocrx_word' id='word_1_301' title='bbox 331 3933 434 3996; x_wconf 81' lang='lat' dir='ltr'>spurios</span> <span class='ocrx_word' id='word_1_302' title='bbox 447 3931 494 3981; x_wconf 84' lang='lat' dir='ltr'>aed</span> <span class='ocrx_word' id='word_1_303' title='bbox 505 3931 632 3994; x_wconf 73' lang='lat' dir='ltr'>leattimm</span> <span class='ocrx_word' id='word_1_304' title='bbox 643 3933 723 3995; x_wconf 81' lang='lat' dir='ltr'>atque</span> <span class='ocrx_word' id='word_1_305' title='bbox 733 3929 934 3981; x_wconf 75' lang='lat' dir='ltr'>haereditabiles</span> <span class='ocrx_word' id='word_1_306' title='bbox 946 3930 1196 3995; x_wconf 67' lang='lat' dir='ltr'>generabuntmlpud</span> <span class='ocrx_word' id='word_1_307' title='bbox 1206 3931 1276 3981; x_wconf 82' lang='lat' dir='ltr'>Bele-</span> 
     </span>
     <span class='ocr_line' id='line_1_36' title="bbox 158 4002 1275 4075; baseline 0.002 -17"><span class='ocrx_word' id='word_1_308' title='bbox 158 4009 223 4058; x_wconf 87' lang='lat' dir='ltr'>zium</span> <span class='ocrx_word' id='word_1_309' title='bbox 236 4011 405 4075; x_wconf 75' lang='lat' dir='ltr'>capitularia</span> <span class='ocrx_word' id='word_1_310' title='bbox 426 4020 518 4073; x_wconf 74' lang='lat' dir='ltr'>recum</span> <span class='ocrx_word' id='word_1_311' title='bbox 533 4002 703 4071; x_wconf 79' lang='lat' dir='ltr'>francorum.</span> <span class='ocrx_word' id='word_1_312' title='bbox 720 4011 796 4060; x_wconf 86' lang='lat' dir='ltr'>Paris.</span> <span class='ocrx_word' id='word_1_313' title='bbox 817 4015 885 4061; x_wconf 80' lang='lat'><strong>1687.</strong></span> <span class='ocrx_word' id='word_1_314' title='bbox 902 4012 962 4060; x_wconf 90' lang='lat' dir='ltr'>tom.</span> <span class='ocrx_word' id='word_1_315' title='bbox 976 4013 995 4059; x_wconf 93' lang='lat' dir='ltr'>l.</span> <span class='ocrx_word' id='word_1_316' title='bbox 1005 4023 1061 4073; x_wconf 84' lang='lat' dir='ltr'>pag.</span> <span class='ocrx_word' id='word_1_317' title='bbox 1076 4016 1145 4060; x_wconf 80' lang='lat'>¹129.</span> <span class='ocrx_word' id='word_1_318' title='bbox 1156 4011 1221 4060; x_wconf 86' lang='lat' dir='ltr'>aum</span> <span class='ocrx_word' id='word_1_319' title='bbox 1231 4009 1275 4074; x_wconf 82' lang='lat' dir='ltr'>igi·</span> 
     </span>
     <span class='ocr_line' id='line_1_37' title="bbox 159 4080 1277 4154; baseline 0.001 -15"><span class='ocrx_word' id='word_1_320' title='bbox 159 4091 200 4138; x_wconf 86' lang='lat' dir='ltr'>tur</span> <span class='ocrx_word' id='word_1_321' title='bbox 214 4089 255 4140; x_wconf 82' lang='lat' dir='ltr'>lex</span> <span class='ocrx_word' id='word_1_322' title='bbox 269 4090 334 4140; x_wconf 88' lang='lat' dir='ltr'>baec</span> <span class='ocrx_word' id='word_1_323' title='bbox 346 4089 472 4140; x_wconf 86' lang='lat' dir='ltr'>Gallielmi</span> <span class='ocrx_word' id='word_1_324' title='bbox 483 4080 624 4153; x_wconf 84' lang='lat' dir='ltr'>parisiensis</span> <span class='ocrx_word' id='word_1_325' title='bbox 634 4090 712 4140; x_wconf 85' lang='lat' dir='ltr'>aetate</span> <span class='ocrx_word' id='word_1_326' title='bbox 723 4089 803 4140; x_wconf 91' lang='lat' dir='ltr'>adbuc</span> <span class='ocrx_word' id='word_1_327' title='bbox 817 4091 923 4153; x_wconf 81' lang='lat' dir='ltr'>vigeret,</span> <span class='ocrx_word' id='word_1_328' title='bbox 936 4091 997 4140; x_wconf 81' lang='lat' dir='ltr'>ratio</span> <span class='ocrx_word' id='word_1_329' title='bbox 1008 4091 1122 4154; x_wconf 91' lang='lat' dir='ltr'>apparet,</span> <span class='ocrx_word' id='word_1_330' title='bbox 1134 4103 1211 4153; x_wconf 88' lang='lat' dir='ltr'>quare</span> <span class='ocrx_word' id='word_1_331' title='bbox 1224 4091 1277 4154; x_wconf 83' lang='lat' dir='ltr'>ipso</span> 
     </span>
     <span class='ocr_line' id='line_1_38' title="bbox 157 4168 1276 4236; baseline 0.003 -17"><span class='ocrx_word' id='word_1_332' title='bbox 157 4168 220 4236; x_wconf 79' lang='lat' dir='ltr'>adeo</span> <span class='ocrx_word' id='word_1_333' title='bbox 232 4171 322 4232; x_wconf 52' lang='lat' dir='ltr'>,urgeat</span> <span class='ocrx_word' id='word_1_334' title='bbox 337 4170 517 4234; x_wconf 88' lang='lat' dir='ltr'>susceptionem</span> <span class='ocrx_word' id='word_1_335' title='bbox 532 4169 690 4221; x_wconf 85' lang='lat' dir='ltr'>sacerdotalis</span> <span class='ocrx_word' id='word_1_336' title='bbox 708 4169 883 4223; x_wconf 81' lang='lat' dir='ltr'>benedictionis</span> <span class='ocrx_word' id='word_1_337' title='bbox 899 4170 924 4220; x_wconf 91' lang='lat' dir='ltr'>in</span> <span class='ocrx_word' id='word_1_338' title='bbox 940 4171 1047 4234; x_wconf 87' lang='lat' dir='ltr'>nuptiis,</span> <span class='ocrx_word' id='word_1_339' title='bbox 1058 4171 1084 4220; x_wconf 91' lang='lat' dir='ltr'>et</span> <span class='ocrx_word' id='word_1_340' title='bbox 1097 4183 1149 4235; x_wconf 91' lang='lat' dir='ltr'>eos,</span> <span class='ocrx_word' id='word_1_341' title='bbox 1166 4171 1210 4234; x_wconf 84' lang='lat' dir='ltr'>qui</span> <span class='ocrx_word' id='word_1_342' title='bbox 1221 4183 1276 4223; x_wconf 86' lang='lat' dir='ltr'>eam</span> 
     </span>
     <span class='ocr_line' id='line_1_39' title="bbox 158 4249 1275 4316; baseline 0.005 -16"><span class='ocrx_word' id='word_1_343' title='bbox 158 4249 322 4316; x_wconf 78' lang='lat' dir='ltr'>negligerent,</span> <span class='ocrx_word' id='word_1_344' title='bbox 336 4250 500 4314; x_wconf 79' lang='lat' dir='ltr'>fornicarios</span> <span class='ocrx_word' id='word_1_345' title='bbox 516 4249 635 4315; x_wconf 88' lang='lat' dir='ltr'>appellet,</span> <span class='ocrx_word' id='word_1_346' title='bbox 649 4263 782 4314; x_wconf 88' lang='lat' dir='ltr'>eorumque</span> <span class='ocrx_word' id='word_1_347' title='bbox 798 4249 888 4301; x_wconf 89' lang='lat' dir='ltr'>liberos</span> <span class='ocrx_word' id='word_1_348' title='bbox 898 4249 1002 4301; x_wconf 80' lang='lat' dir='ltr'>edixerit</span> <span class='ocrx_word' id='word_1_349' title='bbox 1016 4251 1144 4316; x_wconf 72' lang='lat' dir='ltr'>liqitimos</span> <span class='ocrx_word' id='word_1_350' title='bbox 1157 4263 1209 4304; x_wconf 85' lang='lat' dir='ltr'>aon</span> <span class='ocrx_word' id='word_1_351' title='bbox 1221 4263 1275 4306; x_wconf 72' lang='lat' dir='ltr'>esso</span> 
     </span>
     <span class='ocr_line' id='line_1_40' title="bbox 160 4328 307 4382; baseline 0.007 -3"><span class='ocrx_word' id='word_1_352' title='bbox 160 4328 307 4382; x_wconf 80' lang='lat' dir='ltr'>censendos.</span> 
     </span>
    </p>
   </div>
   <div class='ocr_carea' id='block_1_4' title="bbox 0 0 1440 5062">
    <p class='ocr_par' dir='ltr' id='par_1_5' title="bbox 0 0 1440 5062">
     <span class='ocr_line' id='line_1_41' title="bbox 0 0 1440 5062; baseline 0 0"><span class='ocrx_word' id='word_1_353' title='bbox 0 0 1440 5062; x_wconf 95' lang='lat' dir='ltr'> </span> 
     </span>
    </p>
   </div>
  </div>
 </body>
</html>
