<?xml version="1.0" encoding="UTF-8"?>
<!DOCTYPE html PUBLIC "-//W3C//DTD XHTML 1.0 Transitional//EN"
    "http://www.w3.org/TR/xhtml1/DTD/xhtml1-transitional.dtd">
<html xmlns="http://www.w3.org/1999/xhtml" xml:lang="en" lang="en">
 <head>
  <title>
</title>
<meta http-equiv="Content-Type" content="text/html;charset=utf-8" />
  <meta name='ocr-system' content='tesseract 3.04.00' />
  <meta name='ocr-capabilities' content='ocr_page ocr_carea ocr_par ocr_line ocrx_word'/>
</head>
<body>
  <div class='ocr_page' id='page_1' title='image "./dematrimoniochr00perrgoog_0107.png"; bbox 0 0 2872 5062; ppageno 0'>
   <div class='ocr_carea' id='block_1_1' title="bbox 220 374 1134 445">
    <p class='ocr_par' dir='ltr' id='par_1_1' title="bbox 220 374 1134 445">
     <span class='ocr_line' id='line_1_1' title="bbox 220 374 1134 445; baseline -0.018 -1"><span class='ocrx_word' id='word_1_1' title='bbox 220 374 264 445; x_wconf 75' lang='grc'>88</span> <span class='ocrx_word' id='word_1_2' title='bbox 432 390 498 441; x_wconf 82' lang='lat' dir='ltr'>nm.</span> <span class='ocrx_word' id='word_1_3' title='bbox 516 389 539 437; x_wconf 89' lang='lat' dir='ltr'>r.</span> <span class='ocrx_word' id='word_1_4' title='bbox 561 387 648 438; x_wconf 85' lang='lat' dir='ltr'>srur.</span> <span class='ocrx_word' id='word_1_5' title='bbox 670 387 692 437; x_wconf 91' lang='lat'>1.</span> <span class='ocrx_word' id='word_1_6' title='bbox 710 386 749 434; x_wconf 85' lang='lat' dir='ltr'>nr</span> <span class='ocrx_word' id='word_1_7' title='bbox 767 385 898 436; x_wconf 76' lang='lat' dir='ltr'>uirmu.</span> <span class='ocrx_word' id='word_1_8' title='bbox 919 381 1134 435; x_wconf 69' lang='lat' dir='ltr'>secuturum.</span> 
     </span>
    </p>
   </div>
   <div class='ocr_carea' id='block_1_2' title="bbox 216 499 1336 835">
    <p class='ocr_par' dir='ltr' id='par_1_2' title="bbox 216 499 1336 835">
     <span class='ocr_line' id='line_1_2' title="bbox 218 499 1336 601; baseline -0.013 -14"><span class='ocrx_word' id='word_1_9' title='bbox 218 526 369 594; x_wconf 79' lang='lat' dir='ltr'>emotum</span> <span class='ocrx_word' id='word_1_10' title='bbox 388 507 534 582; x_wconf 85' lang='lat' dir='ltr'>efficeret</span> <span class='ocrx_word' id='word_1_11' title='bbox 554 507 667 601; x_wconf 83' lang='grc'>(13).»</span> <span class='ocrx_word' id='word_1_12' title='bbox 685 501 871 577; x_wconf 85' lang='lat' dir='ltr'><strong>Concilium</strong></span> <span class='ocrx_word' id='word_1_13' title='bbox 896 527 975 576; x_wconf 84' lang='lat' dir='ltr'>vero</span> <span class='ocrx_word' id='word_1_14' title='bbox 999 499 1185 596; x_wconf 80' lang='lat' dir='ltr'>carthagin.</span> <span class='ocrx_word' id='word_1_15' title='bbox 1203 499 1256 572; x_wconf 89' lang='lat' dir='ltr'>lv.</span> <span class='ocrx_word' id='word_1_16' title='bbox 1270 515 1336 573; x_wconf 86' lang='lat' dir='ltr'>ste-</span> 
     </span>
     <span class='ocr_line' id='line_1_3' title="bbox 219 615 1336 726; baseline -0.013 -24"><span class='ocrx_word' id='word_1_17' title='bbox 219 627 283 703; x_wconf 89' lang='lat' dir='ltr'>tuit</span> <span class='ocrx_word' id='word_1_18' title='bbox 305 651 379 726; x_wconf 90' lang='lat' dir='ltr'>cap.</span> <span class='ocrx_word' id='word_1_19' title='bbox 400 623 484 696; x_wconf 85' lang='lat' dir='ltr'>Xlll.</span> <span class='ocrx_word' id='word_1_20' title='bbox 508 622 687 721; x_wconf 78' lang='lat' dir='ltr'>«Sponsus</span> <span class='ocrx_word' id='word_1_21' title='bbox 706 635 738 691; x_wconf 89' lang='lat' dir='ltr'>et</span> <span class='ocrx_word' id='word_1_22' title='bbox 756 644 881 718; x_wconf 88' lang='lat' dir='ltr'>sponsa</span> <span class='ocrx_word' id='word_1_23' title='bbox 907 643 983 690; x_wconf 89' lang='lat' dir='ltr'>cum</span> <span class='ocrx_word' id='word_1_24' title='bbox 1010 615 1231 691; x_wconf 87' lang='lat' dir='ltr'>benedicendi</span> <span class='ocrx_word' id='word_1_25' title='bbox 1257 632 1336 693; x_wconf 84' lang='lat' dir='ltr'>sunt</span> 
     </span>
     <span class='ocr_line' id='line_1_4' title="bbox 216 728 1332 835; baseline -0.013 -20"><span class='ocrx_word' id='word_1_26' title='bbox 216 751 240 815; x_wconf 84' lang='lat' dir='ltr'>a&#39;</span> <span class='ocrx_word' id='word_1_27' title='bbox 256 739 445 824; x_wconf 86' lang='lat' dir='ltr'>sacerdote,</span> <span class='ocrx_word' id='word_1_28' title='bbox 460 763 481 810; x_wconf 87' lang='lat' dir='ltr'>a</span> <span class='ocrx_word' id='word_1_29' title='bbox 497 733 691 835; x_wconf 88' lang='lat' dir='ltr'>parentibus</span> <span class='ocrx_word' id='word_1_30' title='bbox 711 733 784 808; x_wconf 90' lang='lat' dir='ltr'>suis</span> <span class='ocrx_word' id='word_1_31' title='bbox 800 731 853 806; x_wconf 83' lang='lat' dir='ltr'>vel</span> <span class='ocrx_word' id='word_1_32' title='bbox 872 729 1117 832; x_wconf 80' lang='lat' dir='ltr'>paranymphis</span> <span class='ocrx_word' id='word_1_33' title='bbox 1138 728 1332 805; x_wconf 78' lang='lat' dir='ltr'>offerantur.</span> 
     </span>
    </p>
   </div>
   <div class='ocr_carea' id='block_1_3' title="bbox 202 846 1342 4060">
    <p class='ocr_par' dir='ltr' id='par_1_3' title="bbox 202 846 1342 4060">
     <span class='ocr_line' id='line_1_5' title="bbox 220 846 1337 946; baseline -0.007 -16"><span class='ocrx_word' id='word_1_34' title='bbox 220 855 378 942; x_wconf 81' lang='lat' dir='ltr'>Quicum</span> <span class='ocrx_word' id='word_1_35' title='bbox 396 849 664 926; x_wconf 75' lang='lat' dir='ltr'>benedictionem</span> <span class='ocrx_word' id='word_1_36' title='bbox 683 847 893 946; x_wconf 90' lang='lat' dir='ltr'>acceperint,</span> <span class='ocrx_word' id='word_1_37' title='bbox 913 846 1031 920; x_wconf 90' lang='lat' dir='ltr'>eadem</span> <span class='ocrx_word' id='word_1_38' title='bbox 1051 860 1148 920; x_wconf 86' lang='lat' dir='ltr'>nocte</span> <span class='ocrx_word' id='word_1_39' title='bbox 1164 871 1226 944; x_wconf 90' lang='lat' dir='ltr'>pro</span> <span class='ocrx_word' id='word_1_40' title='bbox 1243 871 1337 923; x_wconf 71' lang='lat' dir='ltr'>reue-</span> 
     </span>
     <span class='ocr_line' id='line_1_6' title="bbox 214 963 1334 1068; baseline -0.013 -22"><span class='ocrx_word' id='word_1_41' title='bbox 214 972 328 1046; x_wconf 84' lang='lat' dir='ltr'>rentia</span> <span class='ocrx_word' id='word_1_42' title='bbox 341 969 450 1068; x_wconf 86' lang='lat' dir='ltr'>ipsius</span> <span class='ocrx_word' id='word_1_43' title='bbox 462 965 710 1041; x_wconf 87' lang='lat' dir='ltr'>benedictionis</span> <span class='ocrx_word' id='word_1_44' title='bbox 727 965 763 1036; x_wconf 91' lang='lat' dir='ltr'>in</span> <span class='ocrx_word' id='word_1_45' title='bbox 774 963 966 1060; x_wconf 84' lang='lat' dir='ltr'>uirginitate</span> <span class='ocrx_word' id='word_1_46' title='bbox 983 976 1203 1062; x_wconf 87' lang='lat' dir='ltr'>permaneant</span> <span class='ocrx_word' id='word_1_47' title='bbox 1218 963 1334 1057; x_wconf 74' lang='grc'><strong>(14).»</strong></span> 
     </span>
     <span class='ocr_line' id='line_1_7' title="bbox 291 1075 1338 1182; baseline -0.007 -25"><span class='ocrx_word' id='word_1_48' title='bbox 291 1086 407 1182; x_wconf 90' lang='lat' dir='ltr'>Neque</span> <span class='ocrx_word' id='word_1_49' title='bbox 431 1081 487 1154; x_wconf 88' lang='lat' dir='ltr'>his</span> <span class='ocrx_word' id='word_1_50' title='bbox 512 1080 676 1165; x_wconf 76' lang='lat' dir='ltr'>nomenti,</span> <span class='ocrx_word' id='word_1_51' title='bbox 697 1092 817 1174; x_wconf 82' lang='lat' dir='ltr'>urgent</span> <span class='ocrx_word' id='word_1_52' title='bbox 833 1077 1001 1150; x_wconf 90' lang='lat' dir='ltr'>decretum</span> <span class='ocrx_word' id='word_1_53' title='bbox 1026 1075 1090 1149; x_wconf 91' lang='lat' dir='ltr'>sub</span> <span class='ocrx_word' id='word_1_54' title='bbox 1107 1075 1253 1151; x_wconf 84' lang='lat' dir='ltr'>Evaristi</span> <span class='ocrx_word' id='word_1_55' title='bbox 1275 1101 1338 1150; x_wconf 88' lang='lat' dir='ltr'>no·</span> 
     </span>
     <span class='ocr_line' id='line_1_8' title="bbox 216 1188 1338 1291; baseline -0.009 -18"><span class='ocrx_word' id='word_1_56' title='bbox 216 1200 310 1273; x_wconf 86' lang='lat' dir='ltr'>mine</span> <span class='ocrx_word' id='word_1_57' title='bbox 326 1223 347 1268; x_wconf 89' lang='lat' dir='ltr'>a</span> <span class='ocrx_word' id='word_1_58' title='bbox 364 1194 520 1270; x_wconf 83' lang='lat' dir='ltr'>Gratiano</span> <span class='ocrx_word' id='word_1_59' title='bbox 537 1193 708 1291; x_wconf 80' lang='lat' dir='ltr'>uulgatum</span> <span class='ocrx_word' id='word_1_60' title='bbox 725 1192 825 1263; x_wconf 85' lang='lat' dir='ltr'>XXX.</span> <span class='ocrx_word' id='word_1_61' title='bbox 842 1218 901 1290; x_wconf 92' lang='lat' dir='ltr'>qu.</span> <span class='ocrx_word' id='word_1_62' title='bbox 919 1194 955 1262; x_wconf 80' lang='lat' dir='ltr'>t.</span> <span class='ocrx_word' id='word_1_63' title='bbox 971 1216 1002 1263; x_wconf 90' lang='lat' dir='ltr'>e.</span> <span class='ocrx_word' id='word_1_64' title='bbox 1020 1191 1054 1261; x_wconf 89' lang='lat'>1.</span> <span class='ocrx_word' id='word_1_65' title='bbox 1071 1189 1186 1262; x_wconf 78' lang='lat' dir='ltr'>Aliter.</span> <span class='ocrx_word' id='word_1_66' title='bbox 1206 1188 1338 1265; x_wconf 73' lang='lat' dir='ltr'>«Aliter</span> 
     </span>
     <span class='ocr_line' id='line_1_9' title="bbox 217 1306 1337 1410; baseline -0.006 -26"><span class='ocrx_word' id='word_1_67' title='bbox 217 1313 406 1410; x_wconf 82' lang='lat' dir='ltr'>legitimum</span> <span class='ocrx_word' id='word_1_68' title='bbox 420 1335 488 1382; x_wconf 85' lang='lat' dir='ltr'>eon</span> <span class='ocrx_word' id='word_1_69' title='bbox 501 1309 545 1381; x_wconf 89' lang='lat' dir='ltr'>sit</span> <span class='ocrx_word' id='word_1_70' title='bbox 557 1307 752 1404; x_wconf 79' lang='lat' dir='ltr'>coniugium</span> <span class='ocrx_word' id='word_1_71' title='bbox 766 1306 846 1379; x_wconf 92' lang='lat' dir='ltr'>nisi.</span> <span class='ocrx_word' id='word_1_72' title='bbox 861 1365 867 1377; x_wconf 95' lang='lat'>.</span> <span class='ocrx_word' id='word_1_73' title='bbox 882 1363 889 1378; x_wconf 90' lang='lat'><strong>.</strong></span> <span class='ocrx_word' id='word_1_74' title='bbox 903 1330 1003 1378; x_wconf 83' lang='lat' dir='ltr'>.uxor</span> <span class='ocrx_word' id='word_1_75' title='bbox 1021 1319 1172 1405; x_wconf 90' lang='lat' dir='ltr'>petatur.</span> <span class='ocrx_word' id='word_1_76' title='bbox 1185 1361 1194 1375; x_wconf 91' lang='lat'><strong>.</strong></span> <span class='ocrx_word' id='word_1_77' title='bbox 1205 1361 1213 1375; x_wconf 91' lang='lat'><strong>.</strong></span> <span class='ocrx_word' id='word_1_78' title='bbox 1224 1319 1259 1378; x_wconf 89' lang='lat' dir='ltr'>et</span> <span class='ocrx_word' id='word_1_79' title='bbox 1273 1330 1337 1381; x_wconf 86' lang='lat' dir='ltr'>suo</span> 
     </span>
     <span class='ocr_line' id='line_1_10' title="bbox 217 1419 1338 1525; baseline -0.006 -21"><span class='ocrx_word' id='word_1_80' title='bbox 217 1445 367 1525; x_wconf 82' lang='lat' dir='ltr'>temporo</span> <span class='ocrx_word' id='word_1_81' title='bbox 388 1423 655 1510; x_wconf 68' lang='lat' dir='ltr'>sacerdotaliter,</span> <span class='ocrx_word' id='word_1_82' title='bbox 677 1440 714 1496; x_wconf 89' lang='lat' dir='ltr'>ut</span> <span class='ocrx_word' id='word_1_83' title='bbox 732 1448 805 1496; x_wconf 87' lang='lat' dir='ltr'>mos</span> <span class='ocrx_word' id='word_1_84' title='bbox 826 1437 896 1509; x_wconf 88' lang='lat' dir='ltr'>est,</span> <span class='ocrx_word' id='word_1_85' title='bbox 919 1447 995 1494; x_wconf 86' lang='lat' dir='ltr'>cum</span> <span class='ocrx_word' id='word_1_86' title='bbox 1022 1419 1178 1519; x_wconf 82' lang='lat' dir='ltr'>precibus</span> <span class='ocrx_word' id='word_1_87' title='bbox 1196 1435 1229 1497; x_wconf 86' lang='lat' dir='ltr'>et</span> <span class='ocrx_word' id='word_1_88' title='bbox 1246 1419 1338 1497; x_wconf 70' lang='lat' dir='ltr'>obla</span> 
     </span>
     <span class='ocr_line' id='line_1_11' title="bbox 219 1534 1338 1634; baseline -0.007 -17"><span class='ocrx_word' id='word_1_89' title='bbox 219 1541 371 1618; x_wconf 80' lang='lat' dir='ltr'>tionibus</span> <span class='ocrx_word' id='word_1_90' title='bbox 394 1568 416 1615; x_wconf 92' lang='lat' dir='ltr'>a</span> <span class='ocrx_word' id='word_1_91' title='bbox 440 1539 614 1614; x_wconf 88' lang='lat' dir='ltr'>sacerdote</span> <span class='ocrx_word' id='word_1_92' title='bbox 638 1537 868 1613; x_wconf 89' lang='lat' dir='ltr'>benedicatur.</span> <span class='ocrx_word' id='word_1_93' title='bbox 889 1595 896 1609; x_wconf 90' lang='lat'><strong>.</strong></span> <span class='ocrx_word' id='word_1_94' title='bbox 919 1538 993 1609; x_wconf 90' lang='lat' dir='ltr'>.lta</span> <span class='ocrx_word' id='word_1_95' title='bbox 1015 1549 1167 1634; x_wconf 86' lang='lat' dir='ltr'>peracta,</span> <span class='ocrx_word' id='word_1_96' title='bbox 1189 1534 1338 1631; x_wconf 81' lang='lat' dir='ltr'>legitima</span> 
     </span>
     <span class='ocr_line' id='line_1_12' title="bbox 222 1652 1339 1751; baseline -0.005 -19"><span class='ocrx_word' id='word_1_97' title='bbox 222 1658 339 1732; x_wconf 90' lang='lat' dir='ltr'>scitote</span> <span class='ocrx_word' id='word_1_98' title='bbox 365 1682 442 1731; x_wconf 91' lang='lat' dir='ltr'>esse</span> <span class='ocrx_word' id='word_1_99' title='bbox 467 1653 654 1728; x_wconf 89' lang='lat' dir='ltr'>connubia:</span> <span class='ocrx_word' id='word_1_100' title='bbox 685 1652 782 1727; x_wconf 88' lang='lat' dir='ltr'>aliter</span> <span class='ocrx_word' id='word_1_101' title='bbox 805 1678 883 1726; x_wconf 86' lang='lat' dir='ltr'>vero</span> <span class='ocrx_word' id='word_1_102' title='bbox 907 1666 1146 1751; x_wconf 86' lang='lat' dir='ltr'>praesumpta,</span> <span class='ocrx_word' id='word_1_103' title='bbox 1165 1676 1233 1724; x_wconf 89' lang='lat' dir='ltr'>non</span> <span class='ocrx_word' id='word_1_104' title='bbox 1258 1674 1339 1726; x_wconf 86' lang='lat' dir='ltr'>con·</span> 
     </span>
     <span class='ocr_line' id='line_1_13' title="bbox 218 1765 1339 1869; baseline -0.008 -22"><span class='ocrx_word' id='word_1_105' title='bbox 218 1774 347 1869; x_wconf 71' lang='lat' dir='ltr'>lugia,</span> <span class='ocrx_word' id='word_1_106' title='bbox 381 1770 442 1847; x_wconf 83' lang='lat' dir='ltr'>scd</span> <span class='ocrx_word' id='word_1_107' title='bbox 467 1768 656 1855; x_wconf 86' lang='lat' dir='ltr'>adulteria,</span> <span class='ocrx_word' id='word_1_108' title='bbox 689 1767 742 1844; x_wconf 88' lang='lat' dir='ltr'>uel</span> <span class='ocrx_word' id='word_1_109' title='bbox 766 1766 1003 1852; x_wconf 87' lang='lat' dir='ltr'>contubernia,</span> <span class='ocrx_word' id='word_1_110' title='bbox 1031 1765 1083 1841; x_wconf 76' lang='lat' dir='ltr'>v‘el</span> <span class='ocrx_word' id='word_1_111' title='bbox 1109 1781 1253 1863; x_wconf 82' lang='lat' dir='ltr'>stupra,</span> <span class='ocrx_word' id='word_1_112' title='bbox 1280 1781 1339 1838; x_wconf 91' lang='lat' dir='ltr'>aut</span> 
     </span>
     <span class='ocr_line' id='line_1_14' title="bbox 219 1879 1338 1965; baseline -0.008 -3"><span class='ocrx_word' id='word_1_113' title='bbox 219 1886 470 1965; x_wconf 68' lang='lat' dir='ltr'>fornicationes.</span> <span class='ocrx_word' id='word_1_114' title='bbox 490 1914 507 1955; x_wconf 89' lang='lat'>»</span> <span class='ocrx_word' id='word_1_115' title='bbox 527 1884 617 1958; x_wconf 86' lang='lat' dir='ltr'>Licet</span> <span class='ocrx_word' id='word_1_116' title='bbox 640 1907 718 1956; x_wconf 86' lang='lat' dir='ltr'>vero</span> <span class='ocrx_word' id='word_1_117' title='bbox 743 1881 909 1956; x_wconf 90' lang='lat' dir='ltr'>eiusmodi</span> <span class='ocrx_word' id='word_1_118' title='bbox 934 1880 1102 1956; x_wconf 87' lang='lat' dir='ltr'>decretum</span> <span class='ocrx_word' id='word_1_119' title='bbox 1128 1879 1267 1954; x_wconf 84' lang='lat' dir='ltr'>minime</span> <span class='ocrx_word' id='word_1_120' title='bbox 1293 1881 1338 1954; x_wconf 84' lang='lat' dir='ltr'>sit</span> 
     </span>
     <span class='ocr_line' id='line_1_15' title="bbox 219 1988 1337 2099; baseline -0.004 -24"><span class='ocrx_word' id='word_1_121' title='bbox 219 2002 422 2099; x_wconf 73' lang='lat' dir='ltr'>genuinum,</span> <span class='ocrx_word' id='word_1_122' title='bbox 443 1988 543 2074; x_wconf 78' lang='lat' dir='ltr'>refert</span> <span class='ocrx_word' id='word_1_123' title='bbox 561 2014 671 2071; x_wconf 89' lang='lat' dir='ltr'>tamen</span> <span class='ocrx_word' id='word_1_124' title='bbox 697 1995 856 2094; x_wconf 82' lang='lat' dir='ltr'>antiquae</span> <span class='ocrx_word' id='word_1_125' title='bbox 879 1994 1043 2070; x_wconf 88' lang='lat' dir='ltr'>ecclesiae</span> <span class='ocrx_word' id='word_1_126' title='bbox 1068 2019 1224 2082; x_wconf 88' lang='lat' dir='ltr'>sensum,</span> <span class='ocrx_word' id='word_1_127' title='bbox 1244 1993 1337 2071; x_wconf 86' lang='lat' dir='ltr'>illius</span> 
     </span>
     <span class='ocr_line' id='line_1_16' title="bbox 222 2110 1340 2215; baseline -0.007 -22"><span class='ocrx_word' id='word_1_128' title='bbox 222 2128 343 2215; x_wconf 86' lang='lat' dir='ltr'>nempe</span> <span class='ocrx_word' id='word_1_129' title='bbox 367 2115 499 2201; x_wconf 88' lang='lat' dir='ltr'>aetatis,</span> <span class='ocrx_word' id='word_1_130' title='bbox 520 2114 555 2187; x_wconf 90' lang='lat' dir='ltr'>in</span> <span class='ocrx_word' id='word_1_131' title='bbox 572 2139 641 2212; x_wconf 90' lang='lat' dir='ltr'>qua</span> <span class='ocrx_word' id='word_1_132' title='bbox 666 2111 835 2185; x_wconf 89' lang='lat' dir='ltr'>decretum</span> <span class='ocrx_word' id='word_1_133' title='bbox 862 2110 975 2208; x_wconf 90' lang='lat' dir='ltr'>ipsum</span> <span class='ocrx_word' id='word_1_134' title='bbox 1001 2110 1214 2209; x_wconf 88' lang='lat' dir='ltr'>suppositum</span> <span class='ocrx_word' id='word_1_135' title='bbox 1236 2125 1340 2186; x_wconf 82' lang='lat' dir='ltr'>estet</span> 
     </span>
     <span class='ocr_line' id='line_1_17' title="bbox 217 2231 922 2307; baseline -0.006 0"><span class='ocrx_word' id='word_1_136' title='bbox 217 2231 412 2307; x_wconf 80' lang='lat' dir='ltr'>confictum.</span> <span class='ocrx_word' id='word_1_137' title='bbox 920 2251 922 2255; x_wconf 75' lang='grc'>’</span> 
     </span>
     <span class='ocr_line' id='line_1_18' title="bbox 224 2345 1338 2445; baseline -0.003 -24"><span class='ocrx_word' id='word_1_138' title='bbox 224 2403 248 2425; x_wconf 72' lang='lat'>-‚</span> <span class='ocrx_word' id='word_1_139' title='bbox 293 2349 418 2443; x_wconf 77' lang='lat' dir='ltr'>Urgent</span> <span class='ocrx_word' id='word_1_140' title='bbox 435 2360 606 2443; x_wconf 84' lang='lat' dir='ltr'>praeterea</span> <span class='ocrx_word' id='word_1_141' title='bbox 623 2345 833 2419; x_wconf 85' lang='lat' dir='ltr'>Theodorum</span> <span class='ocrx_word' id='word_1_142' title='bbox 851 2346 1035 2432; x_wconf 81' lang='lat' dir='ltr'>studitam,</span> <span class='ocrx_word' id='word_1_143' title='bbox 1051 2346 1197 2419; x_wconf 86' lang='lat' dir='ltr'>cuicum</span> <span class='ocrx_word' id='word_1_144' title='bbox 1214 2369 1338 2445; x_wconf 85' lang='lat' dir='ltr'>propo·</span> 
     </span>
     <span class='ocr_line' id='line_1_19' title="bbox 221 2459 1341 2558; baseline 0.002 -22"><span class='ocrx_word' id='word_1_145' title='bbox 221 2463 287 2537; x_wconf 80' lang='lat' dir='ltr'>sita</span> <span class='ocrx_word' id='word_1_146' title='bbox 304 2478 394 2536; x_wconf 87' lang='lat' dir='ltr'>esset</span> <span class='ocrx_word' id='word_1_147' title='bbox 412 2487 431 2532; x_wconf 94' lang='lat' dir='ltr'>a</span> <span class='ocrx_word' id='word_1_148' title='bbox 448 2461 630 2533; x_wconf 83' lang='lat' dir='ltr'>Mancratio</span> <span class='ocrx_word' id='word_1_149' title='bbox 644 2461 799 2558; x_wconf 83' lang='lat' dir='ltr'>quaestio</span> <span class='ocrx_word' id='word_1_150' title='bbox 819 2487 898 2532; x_wconf 92' lang='lat' dir='ltr'>num</span> <span class='ocrx_word' id='word_1_151' title='bbox 917 2459 1043 2558; x_wconf 82' lang='lat' dir='ltr'>digami</span> <span class='ocrx_word' id='word_1_152' title='bbox 1060 2459 1215 2534; x_wconf 83' lang='lat' dir='ltr'>benedici</span> <span class='ocrx_word' id='word_1_153' title='bbox 1232 2475 1269 2534; x_wconf 83' lang='lat' dir='ltr'>et</span> <span class='ocrx_word' id='word_1_154' title='bbox 1281 2485 1341 2539; x_wconf 57' lang='lat' dir='ltr'>cos</span> 
     </span>
     <span class='ocr_line' id='line_1_20' title="bbox 221 2575 1340 2674; baseline -0.004 -22"><span class='ocrx_word' id='word_1_155' title='bbox 221 2577 332 2652; x_wconf 85' lang='lat' dir='ltr'>ronari</span> <span class='ocrx_word' id='word_1_156' title='bbox 363 2590 504 2674; x_wconf 86' lang='lat' dir='ltr'>possent</span> <span class='ocrx_word' id='word_1_157' title='bbox 524 2633 545 2660; x_wconf 78' lang='lat'>„</span> <span class='ocrx_word' id='word_1_158' title='bbox 565 2575 739 2673; x_wconf 87' lang='lat' dir='ltr'>respondit</span> <span class='ocrx_word' id='word_1_159' title='bbox 764 2575 907 2674; x_wconf 89' lang='lat' dir='ltr'>epistola</span> <span class='ocrx_word' id='word_1_160' title='bbox 932 2577 969 2647; x_wconf 88' lang='lat' dir='ltr'>L.</span> <span class='ocrx_word' id='word_1_161' title='bbox 993 2607 1011 2645; x_wconf 88' lang='lat'>«</span> <span class='ocrx_word' id='word_1_162' title='bbox 1026 2575 1187 2662; x_wconf 79' lang='lat' dir='ltr'>Quaestio</span> <span class='ocrx_word' id='word_1_163' title='bbox 1212 2591 1272 2650; x_wconf 82' lang='lat' dir='ltr'>tua</span> <span class='ocrx_word' id='word_1_164' title='bbox 1295 2576 1340 2649; x_wconf 89' lang='lat' dir='ltr'>de</span> 
     </span>
     <span class='ocr_line' id='line_1_21' title="bbox 221 2688 1338 2787; baseline 0.004 -27"><span class='ocrx_word' id='word_1_165' title='bbox 221 2690 368 2786; x_wconf 73' lang='lat' dir='ltr'>digamis</span> <span class='ocrx_word' id='word_1_166' title='bbox 395 2688 476 2776; x_wconf 88' lang='lat' dir='ltr'>luit,</span> <span class='ocrx_word' id='word_1_167' title='bbox 496 2688 588 2787; x_wconf 93' lang='lat' dir='ltr'>quod</span> <span class='ocrx_word' id='word_1_168' title='bbox 614 2689 656 2761; x_wconf 93' lang='lat' dir='ltr'>de</span> <span class='ocrx_word' id='word_1_169' title='bbox 681 2714 795 2762; x_wconf 88' lang='lat' dir='ltr'>eorum</span> <span class='ocrx_word' id='word_1_170' title='bbox 821 2690 1054 2764; x_wconf 89' lang='lat' dir='ltr'>coniunctione</span> <span class='ocrx_word' id='word_1_171' title='bbox 1078 2691 1268 2764; x_wconf 88' lang='lat' dir='ltr'>dubitatum</span> <span class='ocrx_word' id='word_1_172' title='bbox 1285 2690 1338 2764; x_wconf 85' lang='lat' dir='ltr'>lu-</span> 
     </span>
     <span class='ocr_line' id='line_1_22' title="bbox 223 2803 1341 2906; baseline 0.002 -29"><span class='ocrx_word' id='word_1_173' title='bbox 223 2805 304 2891; x_wconf 88' lang='lat' dir='ltr'>erit,</span> <span class='ocrx_word' id='word_1_174' title='bbox 320 2803 516 2878; x_wconf 86' lang='lat' dir='ltr'>coronarine</span> <span class='ocrx_word' id='word_1_175' title='bbox 536 2804 624 2877; x_wconf 86' lang='lat' dir='ltr'>siout</span> <span class='ocrx_word' id='word_1_176' title='bbox 641 2805 832 2901; x_wconf 82' lang='lat' dir='ltr'>monogami</span> <span class='ocrx_word' id='word_1_177' title='bbox 852 2804 1012 2893; x_wconf 88' lang='lat' dir='ltr'>debeant,</span> <span class='ocrx_word' id='word_1_178' title='bbox 1034 2831 1079 2879; x_wconf 90' lang='lat' dir='ltr'>an</span> <span class='ocrx_word' id='word_1_179' title='bbox 1095 2804 1187 2879; x_wconf 80' lang='lat' dir='ltr'>non?</span> <span class='ocrx_word' id='word_1_180' title='bbox 1199 2807 1341 2906; x_wconf 80' lang='lat' dir='ltr'>lltquu-</span> 
     </span>
     <span class='ocr_line' id='line_1_23' title="bbox 208 2918 1339 3021; baseline 0 -25"><span class='ocrx_word' id='word_1_181' title='bbox 208 2929 300 2996; x_wconf 75' lang='lat' dir='ltr'>&#39;nam</span> <span class='ocrx_word' id='word_1_182' title='bbox 327 2935 442 3021; x_wconf 84' lang='lat' dir='ltr'>pacto,</span> <span class='ocrx_word' id='word_1_183' title='bbox 471 2918 639 3018; x_wconf 90' lang='lat' dir='ltr'>siquidem</span> <span class='ocrx_word' id='word_1_184' title='bbox 663 2920 727 2993; x_wconf 89' lang='lat' dir='ltr'>hoc</span> <span class='ocrx_word' id='word_1_185' title='bbox 757 2920 835 3007; x_wconf 86' lang='lat' dir='ltr'>liat,</span> <span class='ocrx_word' id='word_1_186' title='bbox 870 2922 1136 3019; x_wconf 80' lang='lat' dir='ltr'>coniungantur,</span> <span class='ocrx_word' id='word_1_187' title='bbox 1166 2921 1339 2996; x_wconf 81' lang='lat' dir='ltr'>sacerdota</span> 
     </span>
     <span class='ocr_line' id='line_1_24' title="bbox 202 3034 1339 3136; baseline 0.004 -30"><span class='ocrx_word' id='word_1_188' title='bbox 202 3035 299 3117; x_wconf 75' lang='lat' dir='ltr'>,illos</span> <span class='ocrx_word' id='word_1_189' title='bbox 316 3035 455 3108; x_wconf 89' lang='lat' dir='ltr'>minime</span> <span class='ocrx_word' id='word_1_190' title='bbox 471 3034 660 3134; x_wconf 87' lang='lat' dir='ltr'>copulante.</span> <span class='ocrx_word' id='word_1_191' title='bbox 674 3034 786 3109; x_wconf 83' lang='lat' dir='ltr'>»Cum</span> <span class='ocrx_word' id='word_1_192' title='bbox 804 3062 882 3110; x_wconf 88' lang='lat' dir='ltr'>vero</span> <span class='ocrx_word' id='word_1_193' title='bbox 901 3035 1054 3136; x_wconf 88' lang='lat' dir='ltr'>pluribus</span> <span class='ocrx_word' id='word_1_194' title='bbox 1080 3035 1265 3110; x_wconf 83' lang='lat' dir='ltr'>ostenderit</span> <span class='ocrx_word' id='word_1_195' title='bbox 1281 3061 1339 3110; x_wconf 89' lang='lat' dir='ltr'>co·</span> 
     </span>
     <span class='ocr_line' id='line_1_25' title="bbox 218 3150 1335 3251; baseline -0.002 -26"><span class='ocrx_word' id='word_1_196' title='bbox 218 3153 353 3238; x_wconf 86' lang='lat' dir='ltr'>-ronari,</span> <span class='ocrx_word' id='word_1_197' title='bbox 373 3178 433 3224; x_wconf 89' lang='lat' dir='ltr'>seu</span> <span class='ocrx_word' id='word_1_198' title='bbox 451 3150 604 3225; x_wconf 90' lang='lat' dir='ltr'>benedici</span> <span class='ocrx_word' id='word_1_199' title='bbox 621 3150 713 3224; x_wconf 90' lang='lat' dir='ltr'>haud</span> <span class='ocrx_word' id='word_1_200' title='bbox 731 3151 853 3225; x_wconf 90' lang='lat' dir='ltr'>debere</span> <span class='ocrx_word' id='word_1_201' title='bbox 874 3152 1047 3250; x_wconf 82' lang='lat' dir='ltr'>digamos,</span> <span class='ocrx_word' id='word_1_202' title='bbox 1071 3151 1181 3251; x_wconf 82' lang='lat' dir='ltr'>pergit</span> <span class='ocrx_word' id='word_1_203' title='bbox 1196 3151 1335 3226; x_wconf 79' lang='lat' dir='ltr'>dicens:</span> 
     </span>
     <span class='ocr_line' id='line_1_26' title="bbox 219 3266 1340 3366; baseline 0.001 -28"><span class='ocrx_word' id='word_1_204' title='bbox 219 3269 244 3338; x_wconf 57' lang='lat' dir='ltr'>‘a</span> <span class='ocrx_word' id='word_1_205' title='bbox 259 3266 406 3351; x_wconf 86' lang='lat' dir='ltr'>Quaeres</span> <span class='ocrx_word' id='word_1_206' title='bbox 431 3266 588 3339; x_wconf 85' lang='lat' dir='ltr'>forsitan:</span> <span class='ocrx_word' id='word_1_207' title='bbox 617 3267 784 3364; x_wconf 87' lang='lat' dir='ltr'>quomodo</span> <span class='ocrx_word' id='word_1_208' title='bbox 801 3293 880 3365; x_wconf 77' lang='lat' dir='ltr'>ergo</span> <span class='ocrx_word' id='word_1_209' title='bbox 896 3268 1152 3366; x_wconf 82' lang='lat' dir='ltr'>coniungantur,</span> <span class='ocrx_word' id='word_1_210' title='bbox 1166 3296 1184 3337; x_wconf 85' lang='lat' dir='ltr'>n</span> <span class='ocrx_word' id='word_1_211' title='bbox 1196 3273 1340 3366; x_wconf 86' lang='lat' dir='ltr'>respon·</span> 
     </span>
     <span class='ocr_line' id='line_1_27' title="bbox 222 3381 1336 3484; baseline -0.001 -30"><span class='ocrx_word' id='word_1_212' title='bbox 222 3381 361 3480; x_wconf 85' lang='lat' dir='ltr'>detque:</span> <span class='ocrx_word' id='word_1_213' title='bbox 373 3381 556 3454; x_wconf 84' lang='lat' dir='ltr'>«Humanis</span> <span class='ocrx_word' id='word_1_214' title='bbox 565 3383 682 3481; x_wconf 70' lang='lat' dir='ltr'>officiis</span> <span class='ocrx_word' id='word_1_215' title='bbox 696 3383 784 3456; x_wconf 88' lang='lat' dir='ltr'>sicut</span> <span class='ocrx_word' id='word_1_216' title='bbox 794 3399 828 3456; x_wconf 90' lang='lat' dir='ltr'>et</span> <span class='ocrx_word' id='word_1_217' title='bbox 840 3383 985 3480; x_wconf 79' lang='lat' dir='ltr'>trigami,</span> <span class='ocrx_word' id='word_1_218' title='bbox 996 3399 1030 3456; x_wconf 94' lang='lat' dir='ltr'>et</span> <span class='ocrx_word' id='word_1_219' title='bbox 1037 3383 1206 3484; x_wconf 81' lang='lat' dir='ltr'>polygami</span> <span class='ocrx_word' id='word_1_220' title='bbox 1219 3385 1336 3478; x_wconf 77' lang='lat'>(15),»</span> 
     </span>
     <span class='ocr_line' id='line_1_28' title="bbox 219 3495 1339 3597; baseline 0.001 -28"><span class='ocrx_word' id='word_1_221' title='bbox 219 3520 342 3593; x_wconf 88' lang='lat' dir='ltr'>nempe</span> <span class='ocrx_word' id='word_1_222' title='bbox 355 3495 429 3568; x_wconf 87' lang='lat' dir='ltr'>sine</span> <span class='ocrx_word' id='word_1_223' title='bbox 445 3497 645 3569; x_wconf 90' lang='lat' dir='ltr'>sacramenti</span> <span class='ocrx_word' id='word_1_224' title='bbox 662 3496 838 3571; x_wconf 89' lang='lat' dir='ltr'>collatione</span> <span class='ocrx_word' id='word_1_225' title='bbox 855 3523 981 3597; x_wconf 87' lang='lat' dir='ltr'>perque</span> <span class='ocrx_word' id='word_1_226' title='bbox 999 3498 1112 3571; x_wconf 89' lang='lat' dir='ltr'>solum</span> <span class='ocrx_word' id='word_1_227' title='bbox 1125 3512 1339 3572; x_wconf 87' lang='lat' dir='ltr'>contractum</span> 
     </span>
     <span class='ocr_line' id='line_1_29' title="bbox 223 3608 1221 3697; baseline -0.001 -14"><span class='ocrx_word' id='word_1_228' title='bbox 223 3608 427 3697; x_wconf 78' lang='lat' dir='ltr'>natamalem,</span> <span class='ocrx_word' id='word_1_229' title='bbox 455 3627 512 3683; x_wconf 92' lang='lat' dir='ltr'>aut</span> <span class='ocrx_word' id='word_1_230' title='bbox 529 3611 672 3685; x_wconf 86' lang='lat' dir='ltr'>civilem.</span> <span class='ocrx_word' id='word_1_231' title='bbox 1218 3639 1221 3644; x_wconf 91' lang='lat'>·</span> 
     </span>
     <span class='ocr_line' id='line_1_30' title="bbox 266 3724 1337 3827; baseline 0.007 -31"><span class='ocrx_word' id='word_1_232' title='bbox 266 3788 268 3796; x_wconf 81' lang='grc'>,</span> <span class='ocrx_word' id='word_1_233' title='bbox 294 3727 343 3799; x_wconf 82' lang='lat' dir='ltr'>llx</span> <span class='ocrx_word' id='word_1_234' title='bbox 360 3724 415 3798; x_wconf 88' lang='lat' dir='ltr'>his</span> <span class='ocrx_word' id='word_1_235' title='bbox 434 3743 544 3799; x_wconf 89' lang='lat' dir='ltr'>autem</span> <span class='ocrx_word' id='word_1_236' title='bbox 569 3726 713 3826; x_wconf 87' lang='lat' dir='ltr'>aliisque</span> <span class='ocrx_word' id='word_1_237' title='bbox 735 3727 903 3800; x_wconf 89' lang='lat' dir='ltr'>similibus</span> <span class='ocrx_word' id='word_1_238' title='bbox 919 3744 1072 3827; x_wconf 89' lang='lat' dir='ltr'>patrum,</span> <span class='ocrx_word' id='word_1_239' title='bbox 1091 3727 1337 3816; x_wconf 87' lang='lat' dir='ltr'>conciliorum,</span> 
     </span>
     <span class='ocr_line' id='line_1_31' title="bbox 222 3840 1341 3941; baseline 0.002 -27"><span class='ocrx_word' id='word_1_240' title='bbox 222 3840 490 3940; x_wconf 83' lang='lat' dir='ltr'>scriptorumque</span> <span class='ocrx_word' id='word_1_241' title='bbox 502 3841 805 3916; x_wconf 88' lang='lat' dir='ltr'>ecclesiasticorum</span> <span class='ocrx_word' id='word_1_242' title='bbox 818 3843 1028 3917; x_wconf 91' lang='lat' dir='ltr'>documentis</span> <span class='ocrx_word' id='word_1_243' title='bbox 1040 3843 1215 3941; x_wconf 84' lang='lat' dir='ltr'>colligunt,</span> <span class='ocrx_word' id='word_1_244' title='bbox 1233 3843 1341 3917; x_wconf 90' lang='lat' dir='ltr'>mani·</span> 
     </span>
     <span class='ocr_line' id='line_1_32' title="bbox 222 3956 1342 4060; baseline 0.004 -33"><span class='ocrx_word' id='word_1_245' title='bbox 222 3956 342 4029; x_wconf 79' lang='lat' dir='ltr'>festum</span> <span class='ocrx_word' id='word_1_246' title='bbox 354 3957 490 4030; x_wconf 90' lang='lat' dir='ltr'>omnino</span> <span class='ocrx_word' id='word_1_247' title='bbox 504 3983 580 4032; x_wconf 93' lang='lat' dir='ltr'>esse</span> <span class='ocrx_word' id='word_1_248' title='bbox 593 3984 730 4031; x_wconf 89' lang='lat' dir='ltr'>sensum</span> <span class='ocrx_word' id='word_1_249' title='bbox 743 3959 843 4032; x_wconf 91' lang='lat' dir='ltr'>totius</span> <span class='ocrx_word' id='word_1_250' title='bbox 858 3959 1067 4060; x_wconf 89' lang='lat' dir='ltr'>antiquitatis</span> <span class='ocrx_word' id='word_1_251' title='bbox 1079 3958 1185 4033; x_wconf 83' lang='lat' dir='ltr'>veleb</span> <span class='ocrx_word' id='word_1_252' title='bbox 1198 3959 1274 4060; x_wconf 86' lang='lat' dir='ltr'>ipsa</span> <span class='ocrx_word' id='word_1_253' title='bbox 1286 3985 1342 4032; x_wconf 91' lang='lat' dir='ltr'>ae-</span> 
     </span>
    </p>
   </div>
   <div class='ocr_carea' id='block_1_4' title="bbox 291 4159 1184 4302">
    <p class='ocr_par' dir='ltr' id='par_1_4' title="bbox 291 4159 1184 4302">
     <span class='ocr_line' id='line_1_33' title="bbox 291 4159 1184 4228; baseline 0.006 -20"><span class='ocrx_word' id='word_1_254' title='bbox 291 4159 341 4222; x_wconf 78' lang='lat' dir='ltr'>(ta)</span> <span class='ocrx_word' id='word_1_255' title='bbox 356 4159 412 4209; x_wconf 85' lang='lat' dir='ltr'>Lib.</span> <span class='ocrx_word' id='word_1_256' title='bbox 422 4162 455 4208; x_wconf 92' lang='lat'>11.</span> <span class='ocrx_word' id='word_1_257' title='bbox 467 4160 492 4209; x_wconf 91' lang='lat' dir='ltr'>in</span> <span class='ocrx_word' id='word_1_258' title='bbox 504 4162 569 4210; x_wconf 88' lang='lat' dir='ltr'>loan.</span> <span class='ocrx_word' id='word_1_259' title='bbox 581 4175 603 4211; x_wconf 83' lang='lat' dir='ltr'>c.</span> <span class='ocrx_word' id='word_1_260' title='bbox 612 4164 632 4211; x_wconf 88' lang='lat'>1.</span> <span class='ocrx_word' id='word_1_261' title='bbox 642 4175 699 4225; x_wconf 91' lang='lat' dir='ltr'>opp.</span> <span class='ocrx_word' id='word_1_262' title='bbox 711 4164 770 4212; x_wconf 91' lang='lat' dir='ltr'>tom.</span> <span class='ocrx_word' id='word_1_263' title='bbox 783 4166 824 4214; x_wconf 87' lang='lat' dir='ltr'>lv.</span> <span class='ocrx_word' id='word_1_264' title='bbox 836 4177 891 4228; x_wconf 77' lang='lat' dir='ltr'>pag.</span> <span class='ocrx_word' id='word_1_265' title='bbox 908 4170 960 4217; x_wconf 71' lang='lat'>1³5.</span> <span class='ocrx_word' id='word_1_266' title='bbox 972 4164 1011 4215; x_wconf 89' lang='lat' dir='ltr'>ed.</span> <span class='ocrx_word' id='word_1_267' title='bbox 1022 4164 1100 4216; x_wconf 78' lang='lat' dir='ltr'>l’aris.</span> <span class='ocrx_word' id='word_1_268' title='bbox 1114 4169 1184 4216; x_wconf 79' lang='grc'><strong>1638.</strong></span> 
     </span>
     <span class='ocr_line' id='line_1_34' title="bbox 292 4239 902 4302; baseline 0.01 -15"><span class='ocrx_word' id='word_1_269' title='bbox 292 4239 342 4301; x_wconf 78' lang='lat' dir='ltr'>(rt)</span> <span class='ocrx_word' id='word_1_270' title='bbox 358 4243 405 4288; x_wconf 65' lang='lat' dir='ltr'>An.&gt;</span> <span class='ocrx_word' id='word_1_271' title='bbox 415 4242 469 4290; x_wconf 75' lang='lat'>³98.</span> <span class='ocrx_word' id='word_1_272' title='bbox 481 4239 552 4302; x_wconf 81' lang='lat' dir='ltr'>Apud</span> <span class='ocrx_word' id='word_1_273' title='bbox 563 4239 675 4292; x_wconf 82' lang='lat' dir='ltr'>Harduin</span> <span class='ocrx_word' id='word_1_274' title='bbox 688 4243 835 4293; x_wconf 87' lang='lat' dir='ltr'>tom.1.col.</span> <span class='ocrx_word' id='word_1_275' title='bbox 847 4250 902 4295; x_wconf 77' lang='lat'><strong>⁹80.</strong></span> 
     </span>
    </p>
   </div>
   <div class='ocr_carea' id='block_1_5' title="bbox 293 4319 1199 4388">
    <p class='ocr_par' dir='ltr' id='par_1_5' title="bbox 293 4319 1199 4388">
     <span class='ocr_line' id='line_1_35' title="bbox 293 4319 1199 4388; baseline 0.008 -18"><span class='ocrx_word' id='word_1_276' title='bbox 293 4319 344 4383; x_wconf 74' lang='lat'><strong>(15)</strong></span> <span class='ocrx_word' id='word_1_277' title='bbox 356 4319 427 4383; x_wconf 71' lang='lat' dir='ltr'>apud</span> <span class='ocrx_word' id='word_1_278' title='bbox 438 4319 605 4386; x_wconf 80' lang='lat' dir='ltr'>sirmondum,</span> <span class='ocrx_word' id='word_1_279' title='bbox 615 4335 672 4385; x_wconf 89' lang='lat' dir='ltr'>opp.</span> <span class='ocrx_word' id='word_1_280' title='bbox 683 4322 723 4374; x_wconf 85' lang='lat' dir='ltr'>ed.</span> <span class='ocrx_word' id='word_1_281' title='bbox 734 4324 811 4374; x_wconf 77' lang='lat' dir='ltr'>Paria.</span> <span class='ocrx_word' id='word_1_282' title='bbox 825 4329 893 4376; x_wconf 78' lang='lat' dir='ltr'>teca.</span> <span class='ocrx_word' id='word_1_283' title='bbox 904 4325 963 4375; x_wconf 88' lang='lat' dir='ltr'>tom.</span> <span class='ocrx_word' id='word_1_284' title='bbox 977 4327 1006 4375; x_wconf 90' lang='lat' dir='ltr'>V.</span> <span class='ocrx_word' id='word_1_285' title='bbox 1019 4338 1074 4388; x_wconf 77' lang='lat' dir='ltr'>pag.</span> <span class='ocrx_word' id='word_1_286' title='bbox 1087 4330 1199 4385; x_wconf 66' lang='lat' dir='ltr'>astuta</span> 
     </span>
    </p>
   </div>
   <div class='ocr_carea' id='block_1_6' title="bbox 0 0 1445 5062">
    <p class='ocr_par' dir='ltr' id='par_1_6' title="bbox 0 0 1445 5062">
     <span class='ocr_line' id='line_1_36' title="bbox 0 0 1445 5062; baseline 0 0"><span class='ocrx_word' id='word_1_287' title='bbox 0 0 1445 5062; x_wconf 95' lang='lat' dir='ltr'> </span> 
     </span>
    </p>
   </div>
  </div>
 </body>
</html>
