2872 5062
165 347 234 397 car.
251 346 294 397 vv.
310 344 351 396 ur
367 343 486 396 trouu.
499 343 557 394 rao
575 343 653 395 uuas
670 343 711 393 nr
727 343 822 396 utra.
840 343 904 395 crv.
921 344 992 396 aar.
1009 342 1057 396 111.
1113 323 1177 399 tat

75 461 214 540 excedat
238 464 313 539 eius
339 463 547 550 facultatem,
569 476 603 535 et
620 460 682 536 soli
703 459 867 536 ecclesiae
890 476 1075 561 competat,
1095 487 1136 537 ao
1152 466 1183 538 si

76 581 112 652 id
128 579 251 678 aliquis
269 579 427 678 princeps
446 592 640 665 attentaret,
658 603 727 651 rem
744 602 881 678 prorsus
899 576 1027 652 irritam
1044 577 1178 656 laceret.

75 695 298 781 Contractus,
325 694 375 769 uti
401 695 539 793 saepius
574 691 840 781 inculcavimus,
867 707 919 767 est
943 692 1185 794 inseparabilis

76 837 97 884 a
116 825 325 884 sacramento
346 810 382 881 in
403 809 569 907 coniugiis
594 809 874 897 christianorum,
900 834 941 882 ac
965 809 1106 909 proinde
1122 810 1182 883 ubi

42 924 47 933 ’
76 951 142 1000 non
171 939 224 999 est
248 939 515 1012 sacramentum,
544 949 606 1000 noc
631 939 819 998 contractus
844 923 997 1001 habetur.
1028 926 1118 1014 lmo,
1145 942 1185 1002 ut

76 1041 203 1121 centies
227 1040 553 1127 animadvertimus,
581 1038 759 1114 concilium
784 1039 909 1113 directe
934 1056 968 1114 et
991 1040 1185 1116 immediate

78 1154 220 1229 irritavit
233 1170 439 1228 contractum
457 1152 626 1230 inhabiles
639 1154 682 1226 ad
696 1178 897 1228 consensum
911 1153 1087 1229 alliciendo
1104 1180 1185 1230 con·

77 1272 260 1345 trahentes.
289 1268 386 1357 Quod
409 1269 439 1343 si
465 1269 500 1341 in
523 1269 639 1344 Galliis
664 1284 697 1343 et
721 1270 756 1342 in
781 1269 894 1367 Belgio
914 1269 968 1343 lex
984 1271 1114 1346 sancita
1129 1285 1185 1345 est

76 1413 144 1486 qua
168 1384 382 1460 matrimonia
406 1384 520 1459 civilia
544 1383 771 1473 celebrentur,
801 1386 945 1461 ecclesia
971 1370 1072 1460 huius
1096 1385 1185 1484 legis

77 1500 212 1574 nullam⁴
228 1500 391 1578 rationem
411 1499 529 1574 habuit
545 1526 711 1600 unquam,
731 1517 789 1574 aut
812 1499 995 1601 aliquando
1020 1500 1178 1589 habebit,

76 1631 178 1719 atque
211 1615 368 1713 coniugia
399 1641 514 1690 eorum
539 1616 597 1715 qui
623 1642 734 1691 coram
761 1614 832 1690 solo
862 1617 1060 1714 magistratu
1091 1615 1181 1689 civili

76 1745 311 1806 contraxerunt
335 1748 463 1831 spectat
479 1731 528 1806 uti
545 1732 659 1822 nulla,
679 1747 781 1834 atque
800 1750 838 1807 ut
856 1733 1111 1807 concubinatum
1137 1731 1183 1805 le·

76 1847 199 1946 galem,
225 1873 292 1922 non
313 1873 411 1923 secus
423 1874 463 1923 ac
476 1863 642 1948 spectaret
661 1849 817 1947 coniugia
832 1874 922 1923 mere
943 1848 1073 1936 civilia,
1095 1873 1183 1948 quae

77 1964 112 2036 in
143 1963 318 2038 Sardiniae
343 1991 445 2062 regno
477 1964 644 2039 celebrata
675 1964 839 2051 luissent,
868 1966 897 2038 si
924 1965 1099 2064 proposita
1128 1963 1183 2037 len

77 2080 196 2155 luisset
226 2080 366 2154 sancita.
396 2080 556 2181 Adeoque
580 2081 747 2157 eiusmodi
780 2081 936 2178 coniugia
960 2080 1003 2153 ad
1030 2106 1182 2155 normam

73 2196 179 2271 solius
202 2195 288 2293 legis
313 2194 422 2270 civilis
444 2196 528 2269 inita
551 2222 619 2270 uon
645 2214 724 2270 sunt
750 2196 821 2270 sive
845 2212 921 2269 roto
946 2196 1017 2270 sive
1042 2202 1142 2269 verm

58 2384 62 2402 ι
147 2312 228 2386 Esto
252 2311 431 2386 concilium
455 2313 675 2386 tridentinum
701 2339 763 2386 suo
787 2312 910 2384 decumo
934 2315 1176 2408 (noncoeooe)

76 2451 143 2499 non
160 2451 294 2500 creasse
311 2426 439 2524 dopmo,
456 2427 579 2528 dequo
594 2444 705 2502 tamen
721 2426 832 2501 adhue
849 2426 1029 2528 disceptari
1046 2441 1178 2526 posset,

77 2567 155 2614 nam
175 2528 318 2616 ecclesia
334 2543 483 2631 decreto,
504 2570 570 2645 quo
589 2542 681 2617 nulla
706 2570 782 2617 esse
804 2543 953 2616 declarat
972 2541 1182 2617 clandestina

76 2657 312 2745 matrimonia,
339 2684 400 2757 per
425 2659 622 2758 sequidem
652 2661 774 2758 dogma
803 2659 883 2732 fidei
907 2684 973 2732 non
998 2657 1178 2746 enunciat,

76 2772 138 2846 sed
154 2775 320 2847 statuitet
335 2773 494 2859 dooerait,
511 2775 602 2875 quod
621 2803 720 2874 nemo
737 2776 907 2849 infirmum
925 2775 1037 2853 dicere
1056 2788 1177 2873 potest,

76 2887 158 2987 quin
183 2913 224 2962 eo
249 2888 326 2986 ipso
350 2889 467 2987 dogma
489 2889 568 2988 fidoi
593 2891 661 2985 (de
678 2906 840 2990 potestate
861 2884 1045 2983 eeclesiae)
1066 2903 1175 2984 neget.

75 3004 218 3093 Verum,
246 3004 310 3079 hoo
333 3005 595 3104 praetermisso,
624 3007 706 3105 quid
731 3006 836 3080 inde?
857 3006 934 3080 Sola
959 3031 1001 3078 ne
1025 3004 1181 3103 dogmata

78 3119 158 3192 fidei
182 3120 331 3218 obligant
354 3119 472 3195 fideles
498 3120 706 3196 catholicos?
730 3124 847 3197 Nonne
872 3120 973 3195 iidem
998 3119 1062 3195 sub
1086 3118 1180 3217 gravi

76 3235 268 3334 obligantur
291 3237 335 3309 ad
359 3237 451 3334 leges
474 3236 729 3336 disciplinatas,
758 3236 954 3338 praesertim
986 3235 1181 3336 fondumen-

78 3351 158 3423 toles
180 3350 387 3426 servandas?
406 3351 562 3426 Christus
580 3351 673 3426 dedit
688 3353 851 3427 ccclesiae
876 3378 957 3425 suae
982 3365 1179 3451 potestatem

76 3464 331 3562 legislatricem,
351 3484 555 3568 quapropter
574 3493 690 3542 omnes
710 3468 784 3542 eius
807 3467 867 3540 filii
893 3466 1024 3564 legibus
1042 3466 1179 3565 abipsa

76 3581 265 3656 constitutis
296 3609 334 3656 se
358 3582 524 3656 subiicere
554 3599 735 3672 tenentur,
764 3583 836 3658 sive
862 3583 885 3654 ii
912 3584 981 3658 sint
1009 3580 1180 3682 principes

77 3695 150 3768 sive
179 3695 318 3771 subditi.
347 3697 382 3769 Si
407 3697 509 3794 igitur
537 3698 740 3786 concilium,
773 3714 903 3773 oratore
930 3698 1005 3799 ipso
1030 3696 1177 3782 latente,

76 3810 228 3885 condidit
248 3836 417 3899 cononem,
440 3814 511 3888 sive
536 3813 656 3887 melius
678 3815 839 3887 decretum
862 3814 1077 3916 discipliuae,
1099 3810 1180 3884 dum

77 3926 194 3999 statuit
222 3926 364 4000 lormam
393 3927 667 4002 celebrandorum
696 3930 955 4028 coniugiorum,
987 3925 1180 4026 etquidem

77 4039 141 4112 sub
162 4040 328 4114 nullitatis
353 4069 478 4141 poena,
504 4070 601 4118 nemo
625 4062 692 4132 est,
715 4047 773 4145 qui
799 4046 842 4118 ab
866 4071 906 4119 ea
932 4071 969 4118 se
995 4042 1181 4117 subducere

75 4154 204 4243 valeat3
230 4158 430 4230 contrarium
447 4185 525 4233 vero
543 4187 693 4235 asserere
709 4161 930 4258 gravissimus
948 4159 1066 4235 saltem
1091 4147 1193 4230 error¹

77 4290 177 4346 esset.
