2872 5062
160 363 180 430 t
355 379 417 431 cn.
439 380 463 429 r.
485 378 570 429 saer.
592 382 616 424 r.
637 375 676 428 nr
703 374 833 426 niuniu.
849 376 1062 429 sicanorum.
1149 407 1152 414 -

157 499 236 574 lidei
255 497 476 598 proditorem,
496 496 638 595 eiusque
658 493 823 567 asseclam
841 495 998 571 loannem
1015 494 1271 596 Gariophyllum

158 639 249 690 saec.
263 615 384 702 xvii,
401 610 592 691 cuiusmodi
611 609 704 684 fuere
721 609 873 710 synodus
891 610 1190 712 hierosolymitana
1208 612 1273 686 sub

156 729 318 806 Dositheo
346 727 559 829 patriarcha,
592 725 750 826 aliaeque
776 742 911 821 coactae
943 726 1008 800 snb
1039 726 1165 826 cyrillo
1192 728 1272 800 Rer-

156 846 314 920 rhocensi
344 872 384 918 ae
413 843 592 916 Parthenio
621 842 775 928 seniore;
804 863 866 914 nec
896 869 963 916 non
994 868 1035 915 ex
1062 842 1274 925 confessione

156 963 362 1051 erthodom,
391 963 433 1034 ox
457 958 678 1047 tractatibus,
702 959 1040 1059 expositionibusque
1054 959 1268 1049 eorumdem,

158 1078 375 1176 suegcriique
400 1075 663 1175 Protosyncelli,
692 1091 783 1173 patet
812 1101 928 1148 omnes
958 1100 1026 1148 uno
1054 1101 1112 1148 ore
1136 1100 1273 1174 unoque

155 1218 326 1268 consensu
351 1191 466 1264 testari
495 1190 587 1264 iuxta
617 1206 818 1290 perpetuam
843 1188 1007 1283 eeclesiae
1031 1189 1205 1263 orientalis
1233 1189 1274 1263 fi-

156 1309 250 1395 dem,
278 1306 526 1380 matrimonium
551 1333 656 1378 unum
680 1332 759 1379 esse
783 1306 826 1378 de
851 1322 980 1404 septem
1005 1306 1227 1380 sacramentis
1253 1331 1275 1380 a

157 1421 292 1496 Christo
323 1421 485 1495 institutis
514 1420 602 1517 (11).
631 1421 762 1494 Deinde
787 1421 819 1494 si
844 1419 1059 1495 consulamus
1084 1422 1274 1495 Simeonem

157 1536 480 1617 thessalonicensem
510 1534 729 1636 praecipuum
758 1536 955 1635 posterioris
980 1536 1053 1611 aevi
1067 1561 1274 1634 ‘graecorum

157 1650 372 1750 theologum,
408 1651 470 1757 qui
505 1651 619 1726 lloruit
650 1677 719 1726 sec.
746 1652 814 1723 XV.
841 1651 978 1725 ineunte
1009 1652 1108 1747 (12),
1149 1651 1278 1752 quique

156 1767 303 1842 sdstmit
323 1768 545 1842 christianum
566 1766 758 1865 coniugium
780 1766 868 1861 inter
888 1784 1017 1866 septem
1039 1766 1203 1842 ecclesiae
1224 1792 1277 1841 sa·

159 1900 330 1958 crementa
350 1886 444 1979 (13);
468 1884 496 1957 si
519 1883 742 1983 antiquiorem
763 1886 934 1983 praeterea
955 1883 1177 1985 inspiciamus
1195 1880 1275 1965 fidei

156 1999 405 2081 consessionem
426 1998 601 2083 Michaelis
626 1998 838 2099 imperatoris
858 1998 960 2099 paulo
979 2015 1055 2073 ante
1075 2023 1279 2073 commemo·

156 2129 267 2188 mium
283 2115 319 2187 in
337 2113 480 2189 concilio
498 2113 702 2212 lugdunensi
720 2115 763 2186 ll.
776 2114 944 2188 seelllll.
957 2114 1091 2189 abunde
1110 2114 1216 2215 liquet
1233 2115 1279 2188 de

160 2229 259 2330 plena
281 2245 314 2304 st
335 2230 482 2330 perlecta
503 2255 544 2303 ea
565 2244 674 2303 aetate
696 2229 785 2304 circa
804 2229 896 2304 hunc
916 2228 1093 2303 articulum
1113 2228 1279 2303 ecelesiae

159 2345 332 2420 orientalis
357 2372 434 2420 cum
459 2344 658 2419 occidentali
684 2345 917 2440 eonsensione.
946 2346 949 2351 ’
1054 2347 1056 2351 ’
1092 2331 1098 2344 ’
1175 2344 1190 2360 ”

232 2461 274 2533 dt
290 2486 331 2532 ex
348 2461 403 2533 his
421 2461 663 2535 recentioribus
677 2461 902 2535 monumentis
915 2460 957 2532 ad
971 2461 1164 2560 antiquiora
1176 2488 1277 2561 porro

161 2591 380 2684 assurgentes
406 2575 621 2684 pervenimus
647 2575 689 2646 ad
715 2574 934 2670 euchologia,
971 2592 1088 2681 eaque
1109 2571 1277 2680 antiquis-

161 2687 270 2783 sima,
298 2684 485 2791 inquibus
521 2690 660 2791 officium
683 2691 923 2777 'recitationis
953 2717 1013 2765 sen
1041 2691 1277 2778 celebrationis

161 2806 354 2906 nuptiarum
372 2805 570 2911 continetur.
597 2806 667 2876 lam
685 2830 769 2904 vero*
781 2803 902 2878 horum
920 2805 1192 2903 euchologiomm
1209 2808 1277 2882 ori·

159 2921 274 3023 ‘gisem
292 2919 681 3024 planevantiquissimam
699 2944 776 2994 esse
793 2919 913 2994 exinde
929 2938 1075 3010 constat,
1089 2923 1179 3024 quod
1196 2950 1277 2999 non-

158 3038 330 3112 nullorum
357 3063 441 3111 mss.
466 3034 598 3111 codices
624 3035 821 3136 perveniant
840 3036 885 3109 ad
905 3063 974 3111 sec.
999 3034 1162 3113 ecclesiae
1186 3056 1278 3113 ccta-

160 3172 370 3254 vum'eoque
388 3152 534 3253 amplius
557 3155 588 3250 (1
598 3155 646 3249 l).
665 3153 756 3243 Haec
777 3152 879 3252 igitur
896 3154 985 3255 quae
1003 3154 1038 3227 in
1059 3181 1125 3228 usu
1143 3153 1277 3241 fuerunt

159 3272 198 3345 in
229 3270 385 3345 omnihus
419 3295 613 3368 graecorum
652 3268 804 3344 ecclesiis
838 3269 942 3369 longe.
970 3286 1047 3345 ante
1077 3270 1276 3369 photianum

163 3375 330 3474 schisma,
356 3384 453 3466 nobis
479 3384 637 3476 exhibent
663 3386 763 3459 ritum
788 3412 856 3486 quo
877 3384 1197 3461 administrabantur
1222 3414 1278 3462 sa-

157 3561 162 3568 ·
236 3546 286 3610 (tt)
303 3549 338 3596 De
352 3545 392 3596 iris
403 3545 456 3595 tuse
467 3544 518 3608 agit
528 3544 696 3595 nennccottus
707 3539 851 3595 tcm.v.1)e
862 3545 1087 3609 inperpetuum
1100 3545 1175 3607 iofoi
1183 3547 1277 3599 iiavi.

85 3618 87 3622 ’
164 3628 232 3678 elul.
242 3627 286 3690 qui
297 3626 369 3676 affert
377 3626 516 3677 testimonia
527 3625 668 3676 comatico
683 3625 856 3688 confesionis
873 3625 1052 3688 orthodoxae,
1068 3626 1177 3690 Gregorii
1193 3631 1278 3680 Proto·

162 3706 279 3772 syncelli,
293 3709 319 3756 et
332 3706 481 3758 mentuali
494 3708 588 3757 contro
597 3705 759 3758 -tctnercnos
769 3709 797 3758 et
807 3705 963 3757 calvinistae
974 3706 1035 3757 editi
1047 3720 1063 3756 a
1073 3709 1220 3771 patriarcha*
1229 3711 1277 3759 Do·

157 3786 241 3838 sithen
258 3799 308 3836 una
319 3800 375 3837 eum
388 3786 508 3850 opusculo
523 3787 625 3838 ioannis
633 3780 788 3850 'cariophyiii
802 3800 831 3836 sc
845 3786 989 3838 Hieremiae.
1004 3789 1073 3845 Quae
1083 3801 1139 3838 cum
1151 3789 1279 3840 notissima

161 3867 227 3931 sint,
238 3879 269 3918 ne
286 3866 408 3929 longiores
427 3867 518 3929 simus,
538 3865 636 3917 silentio
657 3865 883 3930 praetermittimus.

199 3952 203 3967 ¹
237 3947 287 4010 (12)
298 3946 365 3996 obiit
373 3938 438 3997 enim
449 3959 488 3996 an.
498 3950 567 3999 tite.
576 3948 740 4011 nequeam.
749 3946 922 3998 niinbricium
929 3947 1055 3998 Bibltctii.
1063 3952 1276 4011 praecoconiis.

161 4041 186 4092 p.
201 4035 255 4090 ³⁰⁰·
266 4027 306 4078 ed.
317 4027 452 4090 hamburgi
468 4032 534 4078 1808.

157 4123 164 4134 ·
237 4107 287 4172 (1³)
303 4110 330 4157 in
346 4111 431 4158 Troct.
444 4107 475 4158 dc
488 4121 601 4158 sacram
612 4121 666 4172 cup.
678 4113 732 4159 cie.
744 4109 769 4158 et
778 4121 876 4157 rursum
887 4110 1033 4158 Deiattiot.
1043 4123 1096 4174 cap.
1111 4118 1148 4162 ue.
1161 4110 1277 4172 «senam

163 4202 272 4251 qnoque,
283 4184 381 4250 scribit,
392 4190 450 4239 sunt
465 4188 582 4238 ecclesiae
597 4191 763 4251 sacramenta,
775 4200 840 4250 quae
855 4187 1022 4251 perspiritum
1033 4192 1173 4254 operantur,
1190 4189 1277 4239 videii-

165 4267 204 4316 eet
216 4267 363 4330 baptismus,
374 4271 533 4330 unguentum,
541 4267 694 4328 communio,
706 4269 823 4331 nuptiae,
834 4267 994 4330 poenitentia,
1006 4270 1152 4321 stannatum
1168 4267 1277 4319 clesma

237 4346 286 4410 (14)
303 4347 341 4397 ct.
356 4345 675 4410 Goariomicproemioad
688 4359 760 4396 suum
772 4346 970 4410 Bueltolooium.
1124 4354 1127 4359 '
