2872 5062
209 362 278 433 ato
401 385 462 435 um.
483 386 505 434 r.
527 385 612 435 secr.
634 387 766 435 turrea.
792 388 830 436 nr
848 388 980 438 urrann
1002 388 1109 439 crvrur.

206 505 394 578 deratcrum
411 504 585 578 Amerioae
600 521 792 578 renuentem
805 505 855 579 eis
869 506 1051 580 concedere
1063 505 1312 607 polygamiam:

209 619 427 718 «Ecquonam
445 617 518 690 iure
540 634 677 692 senatus
698 622 772 714 (seu
797 623 998 717 conpressus)
1019 621 1170 693 Statuum
1200 620 1316 702 loede-

207 746 350 804 ratorum
377 732 496 830 poterit
520 731 628 828 legem
644 732 731 805 ferre
755 733 798 806 de
815 732 1026 807 matrimonio
1046 734 1102 829 (ad
1126 735 1316 834 impedien-

205 845 282 919 dum
301 844 567 944 polygamiam)?
584 846 655 920 Non
674 861 726 918 est
737 849 890 944 quaestio
905 846 1033 921 isthaec
1045 846 1235 946 foederalis,
1253 847 1315 922 sed

206 961 396 1058 negotium,
426 960 514 1033 circa
540 960 630 1060 quod
656 975 760 1033 statne
785 960 927 1061 quilibet
945 988 1122 1061 supremus
1139 979 1192 1036 est
1206 951 1248 1036 vec
1266 964 1317 1036 in·

203 1074 461 1174 dependens...
483 1075 649 1160 Quoniam
667 1075 885 1149 Mormonitae
903 1091 1028 1148 statum
1050 1077 1313 1163 constituerunt,

205 1190 253 1263 uti
271 1191 416 1290 puritani
434 1191 545 1264 Novae
561 1191 717 1288 Angliae‚
740 1217 844 1290 seque
869 1217 983 1288 regere
1001 1191 1117 1265 volunt
1135 1193 1233 1264 inccta
1251 1192 1320 1265 Dei

206 1307 306 1404 leges,
335 1333 480 1405 quonam
506 1299 578 1379 irire
602 1307 652 1379 eis
669 1307 826 1402 denegari
845 1307 994 1405 acceptio
1013 1307 1048 1378 in
1073 1306 1230 1380 unionem
1255 1332 1316 1407 pe

204 1419 291 1494 test?
307 1422 424 1493 Nonne
448 1436 481 1493 et
506 1424 567 1494 nos
593 1421 666 1495 iure
690 1421 831 1493 fruimur
856 1421 899 1493 ad
924 1420 1223 1494 constabiliendum
1253 1447 1315 1521 pc

204 1534 401 1635 lygamiam,
431 1559 498 1634 quo
523 1534 646 1631 gaudet
670 1534 839 1631 lliohigen
864 1535 907 1607 ad
933 1561 1004 1607 cam
1031 1533 1235 1608 retundam?
1260 1537 1316 1607 Li-

203 1651 315 1726 bertas
339 1667 391 1726 est
416 1679 458 1725 no
482 1654 518 1724 in
543 1651 696 1724 Amerina
720 1651 843 1725 veritas
870 1678 913 1724 an
939 1650 1054 1725 fictio?
1072 1651 1220 1726 Evidens
1240 1668 1311 1740 est,

202 1767 349 1866 quodsi
375 1765 518 1866 populus
544 1783 651 1840 status
678 1765 821 1840 alicuius
847 1765 971 1838 bonum
998 1766 1123 1840 iudicet
1140 1766 1315 1841 instituere

201 1890 235 1955 et
258 1883 380 1957 sectam
399 1882 645 1981 polygamiam,
673 1880 766 1954 nulla
791 1881 827 1952 in
844 1881 941 1955 terris
959 1881 1138 1955 auctoritas
1157 1907 1232 1954 eam
1254 1907 1315 1983 po-

203 2006 268 2071 test
291 1996 440 2093 legitime
464 1996 638 2096 impedire.
658 1995 736 2069 Sola
761 1995 862 2069 realis
880 1995 1062 2071 dillicultas
1086 1998 1122 2069 in
1144 1996 1315 2096 discepta-

203 2111 293 2186 tione
318 2112 515 2209 agitabitur,
544 2140 625 2185 num
643 2112 687 2200 ii,
711 2112 770 2211 qui
790 2112 936 2210 legitime
954 2112 1121 2186 coniuncti
1140 2128 1222 2186 sunt
1237 2139 1314 2186 oum

200 2225 354 2327 pluribus
379 2228 540 2302 uxoribus
566 2228 717 2301 Desereti
737 2227 851 2323 (locus
877 2253 978 2326 quem
1004 2226 1152 2307 incolunt
1170 2228 1316 2300 llormo-

201 2342 331 2437 uitae),
352 2343 381 2416 si
406 2342 530 2418 vellent
555 2369 592 2416 se
623 2343 658 2415 in
684 2343 768 2417 alios
803 2357 915 2417 status·
940 2368 1020 2416 cum
1050 2342 1121 2416 suis
1153 2342 1315 2417 uxoribus

201 2459 370 2545 conferre,
392 2459 426 2530 id
444 2459 588 2557 possint.
609 2458 650 2530 At
667 2484 746 2532 vero
763 2457 1012 2531 matrimonium
1031 2458 1067 2529 in
1083 2455 1228 2554 singulis
1245 2472 1315 2529 stc-

202 2573 287 2645 tr'dur
308 2573 493 2668 (Americae
517 2573 740 2668 foederatae),
762 2590 815 2646 est
844 2588 1029 2647 contractus
1059 2573 1186 2658 cicilia·
1215 2598 1315 2672 porro

201 2686 316 2782 regula
340 2686 506 2783 generalis
531 2714 570 2760 ea
595 2703 661 2774 est,
692 2687 780 2786 quod
809 2688 838 2758 si
864 2687 1029 2760 eiusmodi
1049 2701 1239 2760 contractus
1263 2704 1315 2759 est

199 2799 332 2874 validus
359 2817 537 2901 postquam
563 2802 678 2874 lactus
697 2816 769 2887 est,
797 2801 916 2900 ubique
938 2801 1029 2874 huno
1053 2800 1208 2873 eumdem
1232 2800 1316 2874 vali-

200 2914 315 2991 ditatis
340 2917 566 2991 oharacterem
591 2944 726 2991 servare
752 2917 874 2991 debeat
895 2919 1008 3014 (37).»
1290 2918 1294 2928 “

273 3034 311 3103 ln
337 3032 486 3107 admisso
512 3032 616 3105 semel
641 3033 797 3129 coniugio
823 3058 906 3132 pure
931 3031 1039 3119 civili,
1070 3048 1191 3131 sponte
1207 3033 1311 3107 veluti

200 3172 262 3219 sua
286 3147 341 3221 via
366 3149 526 3221 sternitur
549 3149 591 3221 ad
609 3137 856 3248 polygamiam,
877 3148 932 3219 sin
950 3147 1062 3221 minus
1086 3147 1312 3223 cohonestan-

200 3262 296 3348 dum,
318 3261 523 3335 tolerandam
542 3263 660 3336 saltem
678 3263 789 3362 quoad
803 3289 880 3349 eos,
898 3264 956 3362 qui
971 3262 1062 3336 illam
1075 3290 1116 3336 ex
1132 3263 1311 3363 principiis

199 3374 354 3475 propriae
379 3375 550 3474 religionis
576 3391 821 3450 consectantur,
839 3377 977 3450 Induoto
1004 3403 1102 3476 porro
1127 3393 1311 3475 protestan-

194 3489 300 3563 tismo
327 3489 360 3560 in
387 3490 572 3588 regionem,
598 3490 691 3564 nulla
715 3491 801 3586 legis
827 3491 939 3565 civilis
962 3492 1100 3578 virtute,
1127 3491 1251 3590 poterit
1267 3492 1313 3565 le

199 3603 337 3701 gislator
349 3604 513 3703 impedire
526 3605 707 3705 quominus
722 3606 874 3704 quilibet,
887 3622 1035 3706 spectata
1045 3607 1310 3705 protestantismi

198 3719 346 3794 essentia
371 3747 431 3795 seu
459 3735 593 3808 natura,
615 3719 680 3795 sibi
700 3722 904 3820 persuadeat
920 3749 960 3796 ex
976 3722 1157 3797 bibliorum
1178 3722 1311 3821 privata

199 3834 490 3935 interpretatione,
519 3836 708 3936 habeatque
733 3840 962 3910 convictionem
987 3864 1083 3911 suam
1108 3838 1151 3910 dc
1173 3837 1312 3938 polyga-

196 3986 273 4037 olthe
282 3987 391 4037 national
403 3985 539 4037 illustratcd
551 3985 655 4049 llbmry3
670 3999 714 4037 neo
725 3999 785 4037 non:
799 3987 877 4037 Sbort
893 3988 997 4052 bustum
1006 3986 1039 4045 os
1046 3986 1090 4038 tlte
1097 3988 1313 4047 Mortnonlteemr

197 4068 356 4128 better-Dan
373 4068 461 4116 susan
470 4065 533 4115 otto
544 4079 579 4116 cn
588 4068 700 4116 account
711 4065 744 4127 os
752 4067 795 4117 the
805 4067 863 4118 reat
874 4070 960 4130 ortum
971 4064 1005 4126 os
1015 4066 1059 4117 tlte
1070 4065 1132 4116 book
1140 4064 1309 4127 ofldornron.

136 4180 138 4184 -
200 4148 233 4209 By
244 4146 287 4196 the
297 4158 347 4195 rer.
357 4146 423 4196 John
432 4145 495 4197 frere
506 4145 626 4209 chaplain
636 4147 664 4196 ol
670 4147 713 4197 the
727 4146 780 4196 lord
792 4146 881 4210 Bishop
891 4146 919 4196 of
925 4145 1028 4196 houden
1043 4152 1110 4196 leco.
1122 4146 1184 4195 Item
1192 4145 1311 4197 dundee

197 4223 359 4288 cntholtqnes
370 4223 403 4274 de
416 4223 514 4275 Gemue
525 4232 549 4275 e.
562 4225 619 4276 livr.
630 4226 702 4275 Fevr.
714 4231 782 4276 recl.
791 4226 991 4275 art-Mormons.
1007 4227 1099 4275 verum
1112 4223 1145 4275 de
1157 4224 1195 4273 hie
1209 4224 1310 4275 iterum

271 4303 320 4365 (³7)
336 4303 379 4352 ct.
391 4306 499 4354 Untuem
516 4313 551 4356 tt.
565 4305 641 4355 ntril.
655 4310 722 4355 test.
