2872 5062
220 348 290 424 tot
357 420 359 425 .
423 376 486 425 ιιι.
508 374 639 460 rgsncr.
662 375 684 423 l.
707 375 745 422 ns
772 373 903 423 usrnrrr.
925 373 1191 423 sxcnxxsuro..
1250 384 1252 391 ·

219 521 290 569 sem
317 493 472 591 scripsit:
505 522 522 561 ο
545 493 594 564 lie
619 490 1111 588 coniugali‘autemuelatione
1136 492 1333 591 requisisti,

219 611 248 682 si
274 609 500 706 desponsatum
526 607 583 679 alii
611 606 756 708 puellam
784 607 869 678 alter
892 608 926 677 in
951 607 1200 680 matrimonium
1225 608 1336 706 possit

219 725 384 824 accipere.
399 725 470 797 Hoc
483 732 561 798 vero
574 749 616 795 ne
631 722 705 809 fiat,
725 722 881 794 omnibus
898 723 1007 794 modis
1026 721 1236 794 inhibemus:
1253 723 1335 821 quia

219 841 278 917 illa
293 839 478 924 benedictio,
496 846 594 936 quom
606 853 765 935 nupturae
782 837 929 909 sacerdos
947 838 1100 935 imponit,
1113 836 1202 935 apud
1216 836 1337 909 fideles

219 956 395 1032 cuiusdam
421 953 587 1050 sacrilegii
612 954 719 1026 instar
738 969 808 1040 est,
834 953 874 1025 si¹
889 952 958 1025 ulla
983 952 1338 1049 transgressionevio*
1425 1028 1428 1032 ,

220 1071 305 1147 le'tur
322 1073 411 1166 (2).»
428 1071 545 1168 ltaque
567 1067 633 1140 boc
658 1068 693 1138 in
719 1083 809 1139 textu
843 1070 963 1140 sermo
976 1068 1076 1140 unice
1100 1082 1152 1140 est
1176 1067 1221 1138 de
1243 1069 1339 1165 spon-

217 1186 365 1269 salibus,
387 1209 474 1282 quae
495 1183 576 1255 olim
601 1206 667 1254 non
693 1207 792 1254 secus
810 1208 850 1253 ac
867 1181 1114 1254 matrimonium
1128 1206 1148 1252 a
1161 1181 1338 1253 sacerdote

221 1298 524 1386 benedicebantur,
552 1313 585 1370 et
608 1323 648 1368 ex
673 1297 834 1371 ecclesiae
860 1296 992 1394 legibus
1015 1295 1134 1370 violari
1153 1322 1220 1369 non
1243 1312 1338 1396 pote·

221 1424 297 1490 xant
324 1417 396 1510 (3),
425 1430 524 1512 prout
550 1439 659 1512 neque
683 1429 792 1486 aetate
815 1412 894 1486 bac
909 1428 1023 1485 nostra
1051 1411 1206 1484 violari
1198 1437 1339 1510 impune

225 1541 365 1629 queunt.
383 1528 467 1629 Quis
481 1555 560 1602 vero
577 1529 699 1601 dixerit
716 1555 777 1628 per
792 1527 1056 1602 benedictionem
1075 1526 1338 1614 sacerdotalem,·

222 1671 311 1743 quae
325 1671 387 1719 con
389 1626 592 1717 ferebatur
570 1671 613 1716 us
627 1645 685 1744 qui
700 1644 841 1742 nupturi
858 1659 963 1731 erant,
981 1668 1041 1716 seu
1054 1643 1190 1742 nuptias
1206 1642 1341 1716 futuras

223 1758 305 1834 sibi
303 1758 544 1859 spondebant,
572 1759 691 1860 confici
718 1775 990 1845 sacramentum,
1011 1759 1095 1831 adeo
1119 1775 1158 1830 ut
1175 1758 1341 1832 sacerdos

223 1874 374 1978 eiusdem
398 1875 598 1948 sacramenti
622 1873 776 1946 minister
797 1873 914 1946 baberi
932 1871 1063 1971 possit?
1080 1872 1209 1944 Exinde
1226 1873 1341 1972 potius

225 1971 466 2086 argumentum
490 1990 652 2065 adversus
687 1990 887 2064 sententiam
919 2016 941 2062 a
969 1989 1060 2062 Cano
1091 1992 1341 2115 propugnatum

224 2106 367 2202 exurgit.
385 2107 473 2202 Ergo
498 2122 532 2179 et
556 2106 611 2179 bic
637 2122 745 2179 textus
772 2105 889 2205 seponi
916 2104 1027 2177 debet.

228 2222 435 2295 Tertius
444 2238 495 2295 est
513 2223 713 2296 Nimlausl.
730 2223 827 2295 cuius
853 2223 922 2294 duo
948 2237 1056 2294 textus
1082 2237 1283 2322 supersunt,
1305 2222 1339 2293 in

223 2363 367 2436 quorum
388 2337 495 2412 'altero
520 2338 660 2436 legitur:
692 2338 873 2411 «Primum
897 2337 1049 2434 diligenti
1083 2336 1341 2434 investigatione

224 2453 405 2552 inquirite:
425 2455 676 2527 etsi⁸eumdem
695 2453 876 2551 gloriosum
899 2480 1010 2551 regem
1031 2453 1240 2552 praedictum
1262 2454 1343 2549 (las

198 2622 200 2624 -
225 2568 393 2664 tbarium)
408 2569 646 2657 Waldradam,
659 2570 856 2669 praemissis
874 2570 1027 2657 dotibus,
1048 2596 1160 2643 coram
1177 2568 1340 2656 testibus,

229 2684 415 2762 secundum
441 2684 548 2782 legem
566 2686 742 2773 etritum,
770 2711 839 2785 quo
862 2686 1005 2784 mystice
1029 2686 1189 2759 celebrari
1205 2683 1340 2773 soient,

228 2800 426 2898 peremnia
449 2800 644 2874 inveneritis
667 2801 852 2874 accessisse
869 2816 901 2872 et
918 2800 1055 2900 publica
1071 2800 1344 2873 manifestatione

228 2914 549 3012 eademWaldrada
574 2916 609 2987 in
635 2917 883 2991 matrimonium
910 2917 1003 2989 illius
1029 2917 1179 2990 admissa
1199 2916 1265 3004 sit',
1285 2915 1346 2990 uei

228 3029 299 3102 lilia
312 3031 453 3104 bosonis
465 3030 654 3124 admissa.»
668 3034 706 3103 ln
719 3032 823 3105 altero
840 3049 952 3106 autem
977 3033 1067 3106 textu
1094 3033 1233 3106 dicitur:
1253 3033 1344 3112 «Sin

229 3171 308 3218 uero
332 3147 479 3220 minime·
494 3147 671 3246 probatum
697 3149 812 3236 luerit,
832 3149 1210 3222 Waldradamuxorem
1236 3146 1344 3222 luisse

229 3259 431 3355 legitimam,
453 3288 563 3360 neque
580 3264 721 3363 nuptiis
735 3264 922 3338 secundum
943 3291 1068 3338 morem
1092 3262 1269 3338 celebratis
1284 3260 1346 3362 per

230 3375 478 3448 benedictionem
493 3380 617 3451 scilicet
632 3377 807 3452 sacerdotis
820 3379 891 3452 filio
903 3398 1016 3454 nostro
1029 3379 1178 3455 Hlotario
1190 3378 1343 3453 extitisse

230 3635 237 3655 ι
301 3617 339 3680 (t)
355 3617 427 3682 Apud
442 3620 561 3671 coustant
577 3622 662 3684 npet.
673 3632 740 3672 rom
747 3619 847 3684 pontis.
858 3621 906 3670 col.
916 3627 971 3671 sis.

238 3696 339 3760 (9)
355 3697 515 3749 verissimum
536 3701 573 3750 esi
588 3700 747 3750 violationem
761 3701 911 3764 sponsalium
928 3703 1061 3767 speciatam
1078 3701 1148 3750 olim
1146 3701 1232 3752 veluti
1247 3703 1345 3754 sacrile-

229 3739 298 3837 gibai
308 3775 396 3840 luisse,
407 3778 432 3827 et
443 3778 559 3846 eccloeiae
569 3791 673 3829 canones
685 3779 824 3829 adiecerunt
834 3793 925 3843 poenas
934 3794 963 3830 ac
975 3793 1089 3830 censuras
1098 3781 1122 3829 in
1130 3793 1171 3830 eos
1173 3780 1236 3844 ,qui
1246 3793 1302 3831 eam
1311 3784 1346 3831 st·

230 3857 376 3919 tentassent,
388 3814 429 3907 itii
445 3840 530 3907 videre
542 3859 587 3908 est
594 3857 659 3921 apud
676 3859 795 3921 Blugbam
813 3862 930 3923 Ortqines
945 3863 1000 3910 stne
1016 3861 1189 3924 ntttqmtntes
1200 3859 1346 3912 contestati.

230 3937 291 3988 iem
300 3939 342 3987 lx.
353 3936 397 3986 lib.
409 3943 447 3988 22.
456 3950 511 4000 cap.
524 3943 547 3987 s.
556 3935 580 4000 §.
592 3944 618 3986 9;
627 3950 681 4001 pag.
694 3943 739 3988 325
750 3951 803 4001 seq
815 3937 858 3988 ub1
868 3939 942 3988 ettam
959 3938 991 3989 tie
1007 3938 1177 3989 benedictione
1186 3951 1347 4002 ,quasue

231 4002 330 4077 cerdote
339 4011 493 4080 sponsalibus
506 4014 683 4079 conterebatur,
696 4029 775 4066 sermo
788 4019 836 4079 est;
854 4016 953 4080 perinde
964 4030 993 4067 sc
1004 4017 1070 4082 apud
1080 4016 1216 4067 (icarium
1208 4030 1234 4066 m
1244 4017 1347 4068 Eueno·

229 4093 310 4158 beto,
322 4096 347 4146 et
358 4094 423 4160 apud
432 4095 580 4145 ilarioniuni
586 4097 624 4146 De
635 4097 753 4158 eniteant
761 4095 883 4147 ecelesiae
891 4096 996 4158 ritibus,
1002 4097 1044 4147 ubi
1055 4097 1134 4160 agitur
1144 4096 1175 4146 de
1182 4096 1347 4160 sponsalibus.

232 4177 263 4224 D.
272 4175 808 4249 remeoustantinnotisadbancepistolam
823 4177 941 4228 latetms.
948 4177 1063 4228 siricium
1081 4178 1112 4228 de
1129 4175 1284 4241 sponsalibus
1301 4177 1349 4227 boc

233 4252 259 4302 in
272 4253 326 4304 loco
337 4267 389 4304 esse
406 4253 604 4340 intelligendum,
621 4256 694 4361 atque
710 4239 803 4307 iilcirco
815 4256 846 4306 de
856 4255 1023 4307 benedictione
1034 4256 1181 4308 sacerdotali
1177 4257 1349 4363 sponsalibus

228 4326 601 4398 mprttisesetdeutuxi'
981 4358 984 4363 ’
