2872 5062
169 355 238 424 tao
350 376 413 426 ru.
435 373 458 424 r.
479 373 566 439 sacr,
588 373 612 422 t.
634 373 672 422 os
690 373 822 422 norma.
837 372 1052 425 stomuraro.

161 493 268 580 duxit,
297 493 461 566 adiiciens
490 505 777 565 «sacramentnm
802 517 869 564 non
890 517 968 566 esse
992 493 1060 566 nisi
1085 492 1168 593 quid
1197 521 1278 570 con·

160 607 279 682 tractui
305 606 551 692 accessorium,
580 605 623 679 ah
649 630 757 704 eoque
781 605 971 705 separabile
986 609 1101 702 (11).»
1115 608 1210 693 Quae
1226 624 1278 684 ta·

160 750 238 796 men
263 722 414 796 doctrina
431 722 522 821 [also
537 719 706 794 declarata
723 736 775 794 est
790 747 812 792 a
829 747 962 796 summo
974 722 1153 810 Pontifice,
1173 739 1275 825 atque

160 853 197 916 ut
222 839 299 913 talis
325 839 495 914 damnata.

231 955 373 1029 Domum
396 981 475 1027 cum
499 952 641 1027 ecclesia
671 979 856 1053 numquam
889 953 1056 1052 coegerit,
1084 970 1143 1027 aut
1174 971 1274 1052 cogat

160 1070 204 1144 ad
233 1096 310 1144 sese
334 1069 493 1168 deinceps
519 1067 637 1143 saltem
662 1068 938 1144 communiendos
963 1068 1198 1144 benedictione
1221 1096 1277 1150 sa,

159 1183 319 1258 cerdotali
340 1209 416 1269 eos,
438 1183 497 1281 qui
519 1208 731 1282 quacumque
743 1210 784 1256 en
796 1209 900 1257 causa
912 1182 1027 1257 illicite
1039 1183 1276 1264 contrahentes

159 1324 234 1371 eam
252 1324 318 1371 non
336 1297 536 1396 receperint,
552 1324 605 1370 ex.
626 1323 677 1394 gr.
694 1323 769 1384 eos,
795 1297 867 1397 qui,
892 1296 1038 1397 parocho
1064 1297 1270 1387 reluctante,

159 1428 217 1487 aut
228 1413 287 1489 ubi
302 1413 493 1510 indulgetur
506 1413 549 1485 ad
562 1412 709 1486 valorem
722 1413 913 1513 nuptiarum
927 1414 963 1485 in
976 1413 1142 1510 coniugiis
1160 1400 1276 1487 mixtis

157 1553 270 1606 coram
287 1527 440 1601 ministro
458 1527 663 1615 acatholico,
684 1543 938 1616 contraxerunt,
956 1527 1141 1602 luculenter
1157 1544 1273 1603 osten-

159 1641 225 1730 dit,
250 1668 292 1717 se
316 1641 481 1717 invectam
507 1642 595 1715 hanc
619 1643 868 1717 distinctionem
899 1644 985 1716 inter
1009 1659 1216 1723 contractum
1241 1659 1275 1717 ot

160 1774 406 1836 sacramentum
428 1758 527 1859 plane
544 1786 611 1833 non
629 1785 822 1858 agnoscere.
844 1760 915 1833 llac
932 1759 1021 1833 enim
1040 1759 1075 1830 in
1092 1756 1274 1858 hypothesi

160 1873 254 1948 iaxta
275 1875 486 1949 adversarios
510 1875 675 1949 nubentes
693 1902 760 1950 non
780 1875 985 1975 recepissent
1005 1888 1270 1959 sacramentnm,

158 1987 311 2088 adeoque
335 1989 400 2062 etsi
425 2015 482 2065 eos
507 1989 654 2087 coniugii
681 1989 728 2063 ita
751 1989 867 2064 illicite
888 1989 975 2062 inter
997 2015 1035 2062 se
1056 1987 1132 2061 initi
1154 1987 1273 2088 poeni-

159 2117 266 2190 teret,
294 2101 453 2177 deherent
479 2119 590 2177 tamen
615 2104 650 2175 in
675 2118 873 2204 perpetuum
899 2103 1008 2201 gratia
1037 2101 1274 2178 sacramentali

158 2218 245 2318 ipsis
270 2218 355 2294 adeo
380 2220 571 2294 necessaria
603 2245 738 2307 carere;
771 2219 862 2319 quod
896 2218 1033 2319 quidem
1059 2217 1275 2317 pientissima

158 2352 264 2410 mater
279 2336 424 2410 ecclesia
440 2363 623 2437 numquam
640 2337 675 2409 in
694 2336 774 2414 liliis
794 2335 868 2409 suis
885 2350 1064 2435 pateretur.
1078 2334 1113 2406 si
1130 2333 1274 2433 proinde

158 2451 304 2525 ecclesia
328 2452 378 2525 eis
403 2452 546 2548 denegat
566 2450 849 2538 benedictionem,
869 2476 932 2524 noc
951 2475 1011 2523 eos
1032 2449 1122 2546 cogit
1137 2448 1182 2520 ad
1200 2474 1275 2528 eam
1314 2546 1316 2548 Ι

159 2566 226 2638 sihi
246 2567 525 2666 comparandam,
554 2567 632 2642 ideo
656 2583 725 2654 est,
754 2566 846 2667 quod
870 2566 947 2665 ipsa
971 2592 1032 2664 pro
1057 2580 1147 2638 certo
1172 2563 1276 2644 hahet

159 2680 210 2754 sic
234 2681 467 2755 contrahentes
492 2709 586 2771 vere,
612 2681 692 2755 licet
711 2682 865 2780 indigne,
890 2695 1136 2755 sacramentum
1158 2705 1275 2755 susce-

159 2796 272 2896 pisse,
302 2795 433 2869 suhlato
459 2784 569 2871 autem
595 2797 703 2886 ohice,
732 2824 799 2898 quo
824 2796 979 2896 impediti
996 2811 1075 2870 sunt
1091 2796 1275 2896 quominus

158 2909 301 2982 lructum
327 2935 389 2984 seu
412 2910 566 2983 ellectum
592 2912 793 2986 sacramenti
815 2913 1043 3011 susciperent,
1069 2935 1190 3010 nempe
1205 2910 1275 2983 vim

159 3025 383 3113 sacramenti,
411 3051 499 3125 quae
522 3025 710 3114 reviviscit,
740 3042 949 3101 sacramento
972 3026 1095 3123 ingiter
1118 3050 1276 3124 perseve-

156 3158 272 3229 rante,
300 3152 399 3242 prout
423 3142 576 3242 exposuit
596 3142 830 3216 Bellarminus.
1264 3214 1268 3218 r

190 3322 193 3326 .
229 3257 335 3353 lgitur
358 3268 507 3357 spectata
523 3257 571 3330 rei
590 3273 722 3345 natura,
744 3256 958 3357 antiquitatis
980 3283 1084 3330 sensu
1101 3257 1271 3355 insmcto,

157 3369 386 3471 ecclesiaeque
410 3373 577 3448 sentiendi
599 3388 632 3447 et
652 3373 774 3470 agendi
796 3373 925 3446 ratione
945 3398 1113 3471 expensa,
1137 3371 1275 3449 conclu-

156 3484 276 3558 damus
301 3512 439 3561 necesse
462 3504 533 3576 est,
562 3489 598 3562 in
623 3488 790 3586 coniugiis
814 3487 1074 3563 christianorum
1096 3487 1273 3586 insepara-

155 3599 259 3674 hilem
278 3601 379 3702 plane
398 3629 474 3677 esse
495 3603 658 3679 rationem
679 3617 867 3677 contractus
880 3618 913 3677 et
925 3601 1147 3688 sacramenti,
1171 3617 1274 3699 atque

156 3717 283 3792 idcirco
296 3726 501 3794 evanescant
509 3733 640 3819 oportet
656 3733 776 3792 cuncta
788 3717 938 3791 exitialia
950 3715 1172 3802 consectaria,
1185 3739 1274 3814 quae

155 3834 257 3907 unice
280 3834 361 3906 huic
386 3834 628 3935 separabilitati
655 3849 688 3908 et
712 3832 919 3908 distinctioni
946 3833 1153 3918 innituntur,
1177 3845 1272 3909 etex

157 3973 197 4020 ea
217 3949 398 4049 prollnunt.

96 4107 97 4114 κ
156 4106 159 4111 ·
229 4062 351 4138 Contra
373 4092 452 4140 aero
477 4093 519 4140 ex
542 4064 714 4139 vindicata
738 4064 891 4137 doctrina
912 4063 978 4136 hac
999 4061 1043 4136 de
1063 4057 1272 4158 inseparahr

156 4176 270 4266 litate,
292 4207 433 4279 pronum
454 4198 506 4255 cst
522 4179 734 4254 corollarium
753 4179 891 4265 inferre,
913 4177 1002 4277 quod
1021 4176 1056 4248 in
1075 4176 1152 4275 ipsa
1169 4173 1271 4247 huius

230 4329 279 4393 (tt)
295 4331 333 4382 cl.
351 4333 498 4383 Danrnatt'o.
508 4331 533 4381 el
544 4329 688 4395 prohtdttto
698 4331 743 4380 elo
757 4329 799 4381 cit.
