2872 5062
329 385 398 436 our.
420 385 456 435 n.
476 383 516 434 ne
533 384 691 435 mmsrro.
713 385 784 435 mr.
806 387 829 434 1.
848 386 977 446 unirer.
995 387 1100 438 oneo.
1227 368 1269 439 ll

155 517 309 578 emtione
331 502 552 589 sacerdotali3
573 503 648 575 sine
669 529 737 602 qua
762 530 945 603 numquam
970 505 1207 580 celebrandum
1223 525 1276 583 est

157 616 428 704 matrimonium,
451 641 554 716 quam
574 617 778 716 quicumque
803 619 1075 717 contempserint,
1097 637 1156 694 aut
1170 621 1275 696 decli-

156 732 328 819 naverint,
343 733 412 804 nisi
421 748 508 804 mete
520 735 617 817 iuste,
633 747 692 804 cut
703 733 773 804 alia
786 759 886 805 causo
896 738 1098 820 necessario,
1108 763 1178 809 vnon
1197 755 1277 811 suut

156 848 317 943 coniuges
344 847 511 936 hubendi,
540 849 600 922 scd
625 849 815 934 fornicarii,
837 877 899 923 nec
917 850 978 922 filii
995 877 1110 924 eorum
1134 852 1274 949 legitimi

157 989 238 1038 esse
253 963 424 1037 censendi.
445 964 577 1036 Etenim
595 990 658 1036 neo
674 964 770 1037 cibus
788 966 974 1038 sumendus
991 983 1043 1038 est
1058 968 1189 1066 absque
1199 993 1275 1040 ora-

159 1079 267 1166 tioue,
290 1093 324 1152 et
343 1079 577 1157 benedictione
601 1079 820 1166 sacerdotali3
848 1081 908 1152 ubi
933 1083 1117 1155 sacerdotis
1143 1098 1196 1156 est
1220 1109 1275 1156 oo·

158 1195 245 1294 pia,
276 1220 340 1267 nec
363 1194 502 1294 aliquod
527 1221 613 1293 opus
638 1195 740 1268 etiam
765 1194 858 1282 leve,
886 1212 945 1268 aut
968 1197 1155 1284 modicum,
1184 1198 1274 1297 quod

155 1309 270 1408 operis
295 1310 432 1382 nomine
454 1309 595 1407 dignum
621 1308 683 1396 sit,
712 1310 975 1407 aggrediendum
1004 1312 1057 1386 vel
1084 1312 1275 1386 faciendum

158 1425 292 1524 absque
313 1424 546 1498 benedictione
566 1441 598 1498 et
616 1425 732 1497 diuina
751 1426 962 1500 invocatione
978 1429 1068 1524 (3).»
1084 1427 1146 1501 His
1160 1428 1275 1527 plures

156 1539 249 1612 alias
264 1537 383 1612 adiicit
403 1539 652 1637 per'integrum
675 1538 792 1612 lolium
817 1540 1051 1639 probationes,
1075 1541 1202 1640 quibus
1221 1567 1275 1616 so·

159 1653 228 1726 lum
261 1653 400 1727 evincat
425 1654 693 1727 convenientiam
717 1653 900 1752 recipiendi
927 1655 1194 1754 exquirendiquc
1216 1656 1276 1731 bc·

157 1769 383 1843 sedictionem
408 1770 616 1859 sacerdotis,
632 1795 700 1868 quo
716 1786 833 1842 sancte
850 1770 1035 1844 celebretur
1060 1771 1269 1869 coniugium,

156 1901 258 1984 atque
286 1886 373 1958 inter
397 1901 525 1960 ceteras
550 1886 648 1958 allert
672 1884 862 1984 exemplum
895 1887 1035 1984 petitum
1060 1912 1100 1960 ex
1125 1887 1275 1987 antiquis

156 2000 358 2098 patriarchis
372 2056 380 2088 ,
396 1999 456 2100 qui
468 2000 611 2075 orationi
628 2001 817 2074 referebant
833 2017 1005 2100 acceptam
1023 1999 1160 2100 prolem
1170 2002 1273 2101 quam

156 2141 198 2188 ex
220 2115 382 2213 coniugio.
401 2132 652 2215 suseepemnt,
687 2142 753 2188 non
783 2113 946 2189 obstante
967 2142 1108 2209 uxorum
1133 2143 1272 2190 suerum

158 2229 351 2318 sterilitate;
380 2256 443 2305 nec
467 2247 627 2330 umquem
657 2246 754 2304 vocat
780 2232 985 2303 sacerdotem
1010 2226 1195 2316 ministrum
1221 2256 1276 2303 sa·

156 2346 317 2418 crementi
337 2346 559 2431 matrimonii3
588 2344 665 2417 talis
692 2369 792 2442 porro
817 2341 919 2431 foret,
937 2344 980 2416 ‘si
1004 2343 1193 2416 benedictio
1213 2370 1274 2417 seu

156 2461 273 2548 matio,
295 2487 399 2559 quam
420 2460 531 2532 luudit
554 2458 712 2532 sacerdos
738 2459 840 2556 super
865 2457 1120 2545 contrahentes,
1148 2459 1276 2532 formae

158 2576 321 2649 rationem
345 2575 495 2649 balteret.
1139 2574 1165 2606 ⁵
1231 2657 1233 2661 ,

225 2693 296 2765 Nec
311 2691 437 2764 ‘minus
458 2691 646 2763 luculenter
671 2690 870 2776 Guilielmus
894 2707 1041 2763 mentem
1063 2715 1160 2764 suam
1183 2688 1277 2789 pate*

159 2805 236 2878 lucit
259 2805 430 2903 inrespite
447 2805 505 2891 lx,
525 2805 580 2877 cui
602 2804 738 2877 titulus:
769 2805 977 2890 Quaestione
1002 2820 1143 2902 quatum
1166 2806 1277 2902 sinque
1383 2878 1384 2882 ,

159 2921 255 3007 lares,
277 2921 447 2996 scribens:
470 2922 613 2994 «Utrum
632 2936 877 2994 sacramentum
898 2921 968 2993 reri
993 2921 1141 2994 nominis
1164 2937 1196 2992 et
1220 2945 1276 2992 sa·

157 3036 371 3111 cramantalie
386 3036 521 3110 virtutis
532 3037 579 3108 sit
593 3036 860 3131 (matrimonium
870 3039 897 3130 ),
910 3037 939 3108 si
949 3033 1080 3133 praetor
1093 3030 1276 3133 nuptialem
1351 3053 1355 3059 ·

156 3151 443 3240 benedictionem,
472 3167 507 3223 et
528 3150 733 3238 orationem,
761 3177 864 3249 quum
889 3150 1016 3223 babere
1040 3165 1168 3248 potest,
1195 3146 1277 3222 oon-

158 3266 335 3341 trabatur?
358 3269 479 3340 Verum
500 3283 625 3340 certum
652 3283 721 3353 est,
751 3267 832 3364 quia
849 3281 883 3338 et
899 3291 1030 3338 socrum
1052 3269 1182 3364 cipetum
1207 3280 1272 3348 est,

156 3400 185 3456 et
200 3384 350 3469 sentuno,
375 3386 443 3456 sior
459 3380 667 3481 sanctificans
688 3385 808 3454 virtute
828 3383 1003 3454 essentiali.
1021 3439 1027 3452 .
1045 3439 1053 3452 .
1068 3378 1119 3454 ‚et
1136 3380 1276 3454 forsitan

158 3499 297 3585 merito,
325 3497 508 3571 dummodo
521 3497 701 3596 'nuptialis
721 3496 909 3570 benedictio
937 3522 1001 3568 noo
1029 3492 1273 3580 contemnentem·

157 3613 217 3686 sed
239 3614 401 3686 virtutem
426 3611 703 3686 sacramentalem
733 3611 875 3684 omnino
895 3637 960 3684 uon
986 3609 1105 3696 habet,
1126 3598 1277 3682 docueri

156 3728 303 3803 nominis
333 3744 391 3802 tet
418 3743 664 3803 sacramentum
679 3784 702 3812 ,Α
722 3727 790 3799 nisi
824 3727 912 3799 sicut
935 3722 1094 3798 diximusss
1120 3719 1230 3796 Unde
1244 3738 1277 3795 et
1323 3797 1325 3801 ,

156 3843 408 3916 matrinionium
431 3842 525 3942 apud
551 3841 687 3929 fideles,
714 3858 747 3914 et
772 3842 864 3940 apud
891 3840 1065 3926 infideles,
1087 3838 1277 3937 aequivoce

156 3956 410 4058 dicinm·:'apud
434 3956 590 4034 infideles
614 3959 705 4032 enim
725 3984 792 4031 nou
817 3974 887 4046 est,
913 3952 980 4031 nisi
1003 3957 1093 4030 siout
1109 3949 1272 4038 diximum
1351 3945 1356 3953 ’

157 4074 247 4174 apud
274 4072 395 4149 fideles
412 4073 522 4148 autem
541 4092 593 4148 est
613 4074 670 4146 illo
696 4070 814 4161 modo,
842 4090 875 4146 et
899 4074 1038 4171 insuper
1063 4062 1277 4152 sacranssbess

157 4191 359 4264 nedictionis
379 4191 517 4281 virtute,
537 4191 628 4291 quod
646 4206 698 4264 eet
715 4191 888 4289 propriruu
905 4215 1058 4265 verorum
1076 4186 1192 4285 plenae
1208 4187 1276 4257 oir-

230 4350 267 4414 (s)
282 4352 346 4415 Opp.
358 4350 398 4402 ed.
410 4353 495 4402 venet.
511 4358 579 4404 1591.
590 4353 650 4403 tom.
664 4354 697 4401 ll.
711 4365 764 4416 pag.
778 4354 832 4402 492.
843 4348 891 4400 col.
905 4356 925 4400 l.
1207 4425 1228 4470 *g
