2872 5062
216 347 286 420 112
386 367 473 418 ‚nn
495 366 518 416 1.
540 364 628 416 9991.
652 365 674 414 1.
696 364 735 413 nu
761 363 891 414 1111919.
914 361 1127 414 9199199919.

213 490 385 563 dictionem
402 487 544 585 occipere
562 511 635 556 cum
650 509 769 583 sponm
785 510 848 554 non
864 483 1039 555 merebitur
1051 484 1172 578 (26).»
1192 482 1234 557 Et
1249 482 1330 558 aliis

212 603 367 691 omissis,
388 602 422 674 id
444 602 554 704 ipsum
573 601 735 699 reperitur
753 599 787 671 in
808 599 932 671 linvl.
950 599 1192 697 capitularium
1212 626 1329 698 regum

213 720 421 806 francorum,
448 718 483 790 in
508 716 631 816 quibus
657 716 865 803 decernitur,
894 733 931 788 ut
951 715 1160 788 «christiani
1185 742 1226 788 9»
1250 742 1330 816 pro-

212 835 402 936 pinquitate
422 834 474 908 sui
497 834 672 930 sanguinis
690 860 800 931 usque
818 832 860 904 ad
887 832 1067 930 septimum
1089 830 1230 928 gradum
1252 857 1331 905 eon·

213 949 317 1023 uubia
340 977 405 1023 non
428 949 569 1022 ducant:
598 975 698 1046 neque
723 951 793 1020 sinc
821 947 1034 1019 benedictione
1054 946 1249 1031 sucerdotis,
1270 948 1331 1045 qni

215 1046 289 1137 ante
307 1065 439 1162 innupti
454 1077 562 1148 erant,
584 1062 709 1135 nubere
729 1062 874 1134 audeant
894 1064 982 1157 (27).
1002 1091 1019 1131 »
1040 1061 1088 1132 Ε»
1109 1060 1235 1160 quibus
1256 1086 1329 1135 ver-

213 1179 267 1254 bis
292 1180 411 1253 merito
437 1179 592 1253 insertur:
621 1205 701 1275 ergo
725 1178 783 1277 qui
810 1193 888 1250 ante
911 1177 1007 1275 nupti
1033 1176 1328 1251 1999911991-

211 1295 321 1370 ctione
347 1294 574 1395 privabantur.

284 1410 374 1484 Hinc
399 1410 594 1484 Guilialmus
621 1410 802 1484 Durandus
830 1409 1013 1482 universim
1045 1408 1190 1482 statuit:
1222 1409 1327 1481 «Nu-

211 1525 303 1626 ptiae
317 1524 569 1600 benedicendae
589 1542 703 1600 sunta
722 1525 896 1599 sacerdote
912 1550 988 1598 cum
1008 1523 1166 1624 precibus
1185 1539 1217 1596 et
1236 1521 1328 1596 obla·

209 1641 372 1716 tionibus.
405 1642 639 1715 Verumtamen
667 1641 779 1714 viret
807 1640 926 1713 mulier
954 1640 997 1712 ad
1024 1637 1205 1736 digamiam
1233 1653 1329 1711 tran·

209 1758 320 1845 siens,
344 1757 593 1830 matrimonium
613 1756 840 1831 contrahendo
863 1783 929 1830 non
951 1755 1051 1828 debet
1075 1781 1095 1828 a
1119 1752 1327 1854 presbyteris

208 1872 380 1960 benedici,
402 1873 483 1972 quia
504 1872 572 1946 alia
590 1872 663 1947 vioe
683 1871 852 1946 benedicti
879 1872 966 1959 sint,
993 1897 1108 1944 eorum
1133 1869 1326 1943 benedictio

208 1987 323 2061 iterari
342 2015 410 2062 non
432 1987 543 2062 debet.
568 1990 641 2061 Non
660 2015 739 2086 ergo
756 1987 879 2061 debent
896 1986 1035 2086 nuptiae
1055 1985 1229 2072 benedici,
1254 1985 1323 2059 nisi

208 2102 267 2177 ubi
280 2104 375 2202 virgo
387 2130 464 2176 cum
478 2103 607 2200 virgine
626 2102 806 2177 contrabit.
823 2161 830 2174 .
848 2161 855 2174 .
867 2104 973 2175 Immo
987 2101 1180 2200 presbyter,
1196 2101 1256 2200 qui
1269 2099 1329 2175 be·

210 2217 435 2294 nedictionem
449 2246 525 2292 cum
538 2219 690 2293 secunda
701 2245 805 2292 uxore
818 2216 1046 2303 celebraverit,
1058 2216 1167 2291 officio
1176 2231 1209 2290 et
1221 2215 1328 2288 bene-

210 2334 286 2408 ficio
295 2361 498 2435 suspensus,
510 2351 562 2408 est
574 2333 617 2408 ad
636 2334 751 2407 sedem
769 2333 986 2435 apostolicam
1004 2331 1187 2406 mittendus
1203 2332 1320 2427 (28).»

209 2449 279 2523 1991
298 2476 377 2522 varo
399 2475 496 2523 nemo
521 2466 590 2536 est,
611 2450 670 2548 qui
696 2476 763 2522 99»
788 2448 955 2546 intelligat
971 2448 1168 2521 Durandum
1185 2447 1248 2520 niti
1264 2473 1329 2546 po-

209 2564 379 2638 tissimum
398 2565 433 2637 in
452 2590 492 2638 eo
509 2566 642 2638 decreto
664 2591 758 2638 conc.
775 2564 996 2638 lateranensis
1019 2565 1086 2652 111,
1111 2563 1203 2664 quod
1224 2562 1328 2637 abso-

207 2677 276 2753 lute
296 2680 514 2778 pronunciat:
536 2710 553 2749 a
570 2680 667 2766 Quod
682 2707 749 2753 nou
762 2679 862 2754 debet
873 2679 1063 2754 benedictio
1076 2679 1189 2754 iterari
1205 2680 1321 2776 (29).»

280 2882 331 2946 (aa)
345 2887 427 2934 Seno.
441 2890 494 2935 289.
506 2883 531 2933 19
540 2883 645 2949 append.
655 2898 712 2949 opp.
722 2898 743 2936 9.
752 2885 881 2950 Augustini
894 2887 955 2937 tom.
966 2891 997 2937 11.

279 2963 329 3027 (27)
345 2966 405 3028 cap.
418 2971 471 3016 199.

278 3042 329 3108 (29)
345 3045 724 3098 19119119»911111).1.9.111.».
737 3053 774 3098 15.
787 3053 824 3098 to.
835 3048 878 3099 191.
892 3047 1079 3099 2991119991.
1092 3050 1160 3098 1577.
1172 3045 1220 3097 1119
1227 3047 1325 3096 Duran-

206 3123 253 3175 dus
264 3125 383 3176 contundi
393 3139 443 3176 non
453 3126 526 3179 debet
535 3127 769 3178 cumaiioburando
778 3141 794 3178 a
802 3120 1007 3192 Mouteportiano,
1016 3129 1047 3177 de
1058 3140 1108 3191 quo
1117 3139 1192 3192 supra
1202 3126 1322 3176 diximus.

280 3204 331 3266 (29)
345 3205 417 3255 Haud
428 3219 468 3257 me
477 3207 537 3257 latet
546 3207 679 3258 nonnullos
691 3221 752 3271 9999,
762 3209 806 3272 qui
816 3209 864 3259 boc
875 3209 1043 3272 argumentum
1053 3206 1122 3271 quod
1136 3207 1178 3256 1119
1191 3204 1326 3256 adducitur

206 3283 239 3335 ad
255 3285 433 3336 ostendendum
448 3287 599 3338 sacerdotem
617 3288 808 3353 haudquaquam
823 3288 908 3339 baberi
918 3301 989 3352 posse
1000 3291 1028 3338 ut
1036 3287 1182 3338 sacramenti
1192 3286 1268 3337 buius
1277 3287 1323 3337 rni-

205 3364 325 3428 nistrum,
343 3378 373 3415 eo
388 3365 455 3429 quod
466 3366 497 3416 ab
509 3380 538 3418 99
549 3380 599 3418 uon
614 3367 765 3418 9991911919»
781 3368 919 3419 benedictio
939 3368 1052 3419 secundis
1068 3369 1143 3430 atque
1162 3366 1323 3418 ulterioribus

205 3442 316 3507 nuptiis,
333 3445 460 3507 umquam
473 3445 545 3497 inane
555 3448 581 3497 et
590 3447 663 3498 tattax
674 3447 818 3498 traducant:
834 3448 897 3499 ratio
908 3449 945 3499 est
956 3447 1015 3511 quia
1029 3445 1181 3506 benedictio,
1199 3459 1264 3509 quae
1283 3445 1324 3497 his

206 3524 301 3575 iteratis
309 3524 402 3588 nuptiis
411 3525 584 3590 denegabatur,
595 3529 633 3578 est
641 3527 779 3579 benedictio
789 3529 918 3592 solemnis,
930 3541 994 3592 quae
1005 3528 1079 3578 datur
1087 3527 1113 3577 in
1121 3526 1223 3591 speciali
1232 3527 1323 3591 missa,

206 3617 282 3667 quam
291 3617 363 3655 nemo
372 3619 491 3670 umquam
501 3607 655 3659 essentialem
665 3621 718 3660 9999
727 3610 873 3660 autumavit.
882 3610 920 3660 ct.
932 3608 1091 3660 benedictum
1101 3610 1214 3659 11111119
1223 3607 1323 3672 synodo

205 3683 248 3734 111».
257 3686 326 3734 vili.
335 3698 358 3735 9.
367 3688 434 3735 xiil.
445 3700 470 3736 9.
484 3691 509 3738 7.

281 3766 372 3814 Verum
388 3771 408 3814 1.
420 3765 445 3814 Si
456 3765 517 3816 baec
533 3765 625 3817 9919191
640 3768 764 3831 exceptio,
781 3781 838 3818 cum
854 3768 938 3819 omnia
955 3767 1102 3819 documenta
1116 3767 1282 3818 ecclesiastica
1292 3766 1326 3818 dc

203 3845 256 3894 sota
275 3844 379 3894 solemni
400 3844 569 3897 benedictione
584 3846 731 3910 loquantur,
743 3861 772 3898 99
781 3847 841 3912 ipsis
850 3848 983 3899 fatentibus
995 3848 1158 3912 adversariis,
1172 3849 1235 3900 baec
1250 3862 1322 3899 9919·

203 3936 279 3986 quam
288 3924 325 3974 uti
337 3923 473 3975 essentialis
482 3925 567 3977 babita
578 3927 624 3991 911,
637 3927 733 3978 nubum
744 3927 919 3979 documentum
930 3929 990 3993 ipsis
999 3929 1175 3992 suffragaretur
1192 3928 1225 3978 ad
1240 3932 1322 3980 991911·

203 4004 311 4055 deudum
322 4005 460 4056 sacerdotes
471 4005 596 4057 ministros
608 4020 661 4058 esse
671 4009 817 4059 sacramenti
828 4009 988 4060 matrimonii.
999 4012 1086 4060 »1199
1099 4008 1258 4060 »1199191919
1267 4013 1321 4073 est,

203 4086 232 4134 ut
238 4085 406 4136 itenaudotius
413 4085 472 4136 licet
480 4086 552 4137 alteri
561 4087 710 4152 suffragatus
718 4089 793 4139 199111
799 4089 932 4143 9991991199
941 4089 974 4139 ab
983 4102 1022 4153 ea,
1031 4102 1107 4153 quam
1117 4102 1163 4141 uos
1171 4091 1281 4154 1991991,
1289 4089 1323 4140 ad

203 4165 291 4216 1991199
301 4166 427 4229 redactus,
440 4166 553 4217 debuerit
561 4168 691 4232 confugere
701 4169 734 4219 ad
744 4170 825 4219 sotum
836 4183 982 4221 consensum
998 4169 1215 4233 contrabentium
1232 4171 1321 4220 119119·

202 4245 259 4296 nius
271 4259 329 4296 1919
340 4249 423 4310 aperte
431 4260 461 4298 cx
472 4247 626 4300 documentis
634 4249 788 4312 antiquitatis
798 4251 861 4300 bane
870 4250 950 4313 ipsam
959 4249 1096 4300 doctrinam
1102 4251 1202 4301 secutus
1207 4250 1250 4300 911.
1258 4253 1322 4312 Ergo

202 4328 285 4378 manet
296 4327 322 4376 1»
333 4340 378 4378 suo
386 4327 470 4390 vigore
481 4341 510 4380 ac
520 4328 608 4380 robore
615 4329 662 4381 boc
671 4331 856 4396 argumentum,
867 4329 934 4395 quod
942 4329 1015 4394 91999
1024 4329 1183 4397 ineluctabile
1191 4331 1239 4393 cst,
1247 4331 1323 4392 atque
