2872 5062
180 347 248 417 192
378 369 439 418 ΗΒ.
454 366 484 416 .1.
506 368 591 419 SECT·
612 367 635 416 l·
656 367 696 415 lili
713 366 846 416 nunniti.
866 365 1080 417 asculitanae.

76 468 78 473 ¹
180 492 278 574 ne're,
308 512 395 586 quae
419 485 460 558 ad
486 485 575 558 idem
601 484 849 560 matrimonium
879 485 999 584 quovis
1024 480 1131 558 modo
1149 498 1297 584 possunt

178 602 467 702 pertinere(1li).»
484 600 615 686 Quibus
641 599 922 698 praeclarissimis
947 599 1060 672 verbis
1085 602 1167 673 dum
1192 601 1296 675 abso-

177 717 347 790 lutissima
370 716 512 789 traditur
535 715 688 790 doctriua
711 714 874 788 ecclesiae
897 714 1085 788 catholicae
1109 716 1153 788 de
1176 718 1297 789 matri-

178 832 310 919 monio,
339 830 440 904 simul
465 830 547 903 Cani
573 829 714 929 eiusque
739 830 905 903 lautorum
923 855 963 902 ac
980 846 1198 928 patronorum
1216 858 1297 906 son-

178 947 280 1019 tantia
306 944 502 1044 reprobatur
519 946 550 1039 (1
558 947 607 1039 o),
628 969 668 1016 ao
690 943 859 1030 doctrina,
888 969 991 1042 quam
1009 944 1044 1015 iu
1062 941 1127 1017 hoc
1151 943 1296 1018 articulo

176 1061 382 1160 probandam
406 1060 639 1158 suscepimus,
667 1058 793 1132 diserte
818 1059 991 1132 asseritur.

249 1175 426 1275 Reliquum
454 1191 507 1248 est
535 1174 578 1249 ad
613 1174 853 1248 absolvendum
878 1173 943 1247 boc
967 1189 1228 1271 argumentum,
1258 1189 1296 1246 ut

178 1291 387 1364 conseramus
410 1305 654 1364 sacramentum
674 1289 739 1364 boc
759 1306 911 1364 nostrum
930 1289 1091 1363 connubii
1113 1288 1295 1363 christiani

177 1433 252 1478 cum
277 1406 496 1479 sacramentis
523 1405 682 1504 reliquis,
706 1421 743 1477 ut
760 1431 800 1478 ex
826 1406 966 1480 istorum
993 1405 1149 1502 analogia
1173 1405 1296 1479 verita·

178 1538 242 1594 tem
268 1543 425 1594 eruamus
451 1520 649 1594 enunciatae
674 1520 857 1594 doctrinae.

229 1637 353 1737 'Porro
376 1634 584 1734 exploratum
609 1650 681 1721 est,
710 1662 787 1710 cum
812 1636 922 1733 agitur
940 1636 990 1713 de
1014 1637 1154 1710 materia
1179 1642 1296 1710 sacrass

177 1758 364 1826 mentorum
397 1751 577 1849 proxima,
615 1750 803 1824 cuiusmodi
829 1769 880 1825 est
904 1766 1094 1825 contractus
1119 1753 1154 1823 in
1180 1777 1296 1825 sacra-

178 1874 290 1941 mento
311 1866 513 1939 matrimonii
542 1866 578 1937 in
604 1892 707 1939 sensu
724 1867 895 1965 exposito,
917 1867 1008 1966 quod
1026 1868 1055 1941 si
1073 1866 1188 1966 aliquo
1203 1865 1296 1940 'vitio

178 2009 220 2058 ea
233 1982 370 2056 laboret
400 1980 639 2069 substantiali,
667 1999 704 2054 ut
729 1981 843 2069 aiunt,
874 1981 938 2055 boc
962 1982 1037 2082 ipso
1062 2009 1129 2056 non
1155 1997 1297 2080 exurgat

178 2124 240 2171 seu
265 2122 331 2170 non
356 2096 550 2171 conficiatur
574 2111 840 2182 sacramentum3
870 2112 928 2169 aut
951 2096 980 2169 si
998 2095 1108 2193 agitur
1124 2095 1167 2168 de
1185 2121 1296 2169 sacrae

177 2215 298 2287 mentis
319 2211 613 2313 permanentibus,
642 2211 691 2285 uti
716 2211 939 2299 eucharistia,
968 2212 1133 2312 corruptis
1160 2211 1292 2310 specie-

175 2329 258 2416 bus,
285 2344 530 2402 saoramentum
555 2353 631 2401 esse
656 2327 781 2400 desinit
804 2327 953 2428 corporis
970 2344 1004 2401 et
1028 2326 1209 2424 sauguinis
1226 2327 1294 2400 Do-

79 2461 82 2466 “
176 2445 271 2516 mini.
304 2444 439 2543 ltaque,
476 2442 758 2543 quemadmodum
791 2458 945 2517 cessante
978 2441 1099 2516 idonea
1124 2441 1290 2526 materia,

176 2556 301 2631 desinit
319 2582 396 2629 esse
419 2572 682 2642 sacramentum,
704 2556 761 2643 ita,
777 2572 930 2629 cessante
948 2572 1168 2643 sacramento,
1185 2571 1294 2630 mato-

176 2671 227 2744 ria
239 2671 361 2744 idouea
378 2690 503 2757 cesset,
525 2686 582 2743 aut
598 2696 752 2744 cessasse
770 2697 909 2744 necesse
925 2687 988 2744 est.
1006 2672 1048 2744 Ut
1064 2672 1152 2744 banc
1169 2670 1296 2744 doctri-

177 2812 255 2861 nam
268 2812 344 2859 cum
357 2812 439 2860 casu
459 2806 558 2885 quem
574 2813 653 2886 prae
670 2786 826 2860 manibus
845 2786 1008 2860 babemus
1027 2786 1292 2884 coniungamus3

180 2903 210 2978 si
226 2929 437 3004 quacumque
455 2929 495 2976 ex
513 2930 616 2976 causa
641 2904 830 3000 contingat,
858 2920 897 2977 ut
920 2919 979 2976 aut
1003 2930 1070 2977 non
1096 2904 1156 2977 fiat
1181 2929 1295 2977 sacra-

177 3035 347 3107 mentum,
376 3036 434 3093 aut
451 3021 480 3093 si
498 3020 622 3093 lactum
648 3020 707 3107 sit,
736 3036 847 3093 cesset
871 3020 1070 3093 sacramenti
1097 3019 1200 3105 ratio,
1222 3045 1296 3092 ma·

177 3137 260 3209 teria
280 3135 433 3236 amplius
464 3160 531 3209 non
564 3135 737 3222 subsistit;
771 3136 801 3208 si
829 3136 865 3207 in
895 3135 1127 3222 matrimonio,
1163 3149 1224 3208 aut
1254 3123 1296 3207 cn

174 3251 306 3325 delectu
324 3257 548 3338 ¹consensus,
581 3267 640 3324 aut
667 3278 707 3323 ex
738 3251 870 3325 delectu
895 3250 1048 3323 alicuius·
1063 3250 1292 3336 conditionis,

176 3389 339 3463 personae
356 3363 496 3439 idoneae
518 3392 585 3439 non
605 3365 673 3440 sint
690 3366 732 3439 ad
750 3365 898 3463 legitime
916 3364 1203 3452 contrabendum,
1232 3389 1295 3438 noc

176 3476 321 3552 eflicitur
334 3496 598 3567 sacramentum,
614 3507 724 3580 neque
737 3478 806 3553 ullo
819 3480 918 3553 modo
932 3494 1121 3553 contractus
1135 3477 1290 3553 habetur.

244 3763 296 3828 ιιι)
312 3766 350 3817 ci.
362 3769 405 3817 Pii
415 3769 466 3818 IX.
477 3765 611 3832 pontificis
622 3768 734 3817 maximi
744 3768 810 3817 Acta
821 3767 883 3830 part.
895 3769 916 3816 1.
928 3777 983 3830 pag.
999 3771 1043 3816 ιιι
1054 3775 1107 3828 seq.

246 3844 296 3907 (to)
312 3849 349 3896 iix
362 3836 406 3896 *his
424 3847 512 3898 iterum
527 3848 594 3911 patet
611 3848 756 3898 sententiam
774 3847 835 3898 cani
852 3847 919 3899 illam
931 3846 1149 3912 probabilitatem
1163 3845 1293 3906 amisum,

174 3937 249 3988 quam
260 3924 430 3999 Benednxw.
441 3927 470 3976 ut
478 3926 589 3990 privatus
601 3927 688 3978 doctor
700 3928 725 3977 in
735 3927 779 3978 cit.
790 3940 864 3992 opere
873 3931 911 3978 De
922 3926 1018 3992 synodo
1027 3939 1083 3977 eam
1092 3925 1183 3985 babere
1192 3925 1295 3991 scripse·

174 4006 226 4067 rat,
241 4005 269 4055 ui
285 4006 382 4056 constat
388 4009 423 4072 jes
434 4004 546 4057 doctriua
556 4007 594 4057 Pii
603 4007 680 4058 Vtin
689 4006 778 4058 litteris
788 4006 819 4057 ad
829 4005 936 4071 episcop.
949 4007 1111 4057 motulensem
1122 4003 1163 4056 die
1177 4004 1294 4070 iosept.

141 4113 153 4147 g
163 4107 165 4111 ·
176 4089 244 4137 tiss⁴
257 4086 282 4136 oi
297 4087 324 4136 in
338 4086 397 4137 aliis
413 4087 478 4138 datis
494 4087 525 4137 ab
536 4087 622 4140 eodem
640 4088 755 4153 pontifice
774 4088 807 4139 ad
824 4087 940 4140 carolum
956 4088 1064 4152 episcop.
1076 4087 1213 4150 agriensem
1228 4085 1292 4151 (snb

157 4180 163 4192 ³
172 4162 268 4231 ditione
278 4166 416 4225 austriaca)
425 4166 465 4218 die
478 4173 515 4220 11.
524 4167 581 4219 iulii
594 4172 661 4220 1789.
674 4170 775 4221 ltomex
787 4167 899 4219 doctriua
910 4167 949 4219 Pii
958 4170 1025 4219 viil.
1034 4168 1059 4218 et
1067 4167 1180 4230 Gregorii
1188 4169 1255 4219 xvi,
1267 4165 1294 4216 in

173 4245 272 4308 negotio
281 4246 314 4297 de
323 4239 486 4303 matrimoniis
503 4247 588 4299 mixtis
603 4260 660 4298 oum
675 4243 731 4311 rego
746 4249 890 4311 Borussiae,
905 4262 933 4299 ac
944 4247 1044 4298 tandem
1056 4246 1149 4297 clarius
1164 4245 1246 4301 adhuc
1261 4257 1289 4295 es

177 4321 289 4377 doctius
298 4325 337 4378 rii
347 4328 389 4378 ix.
398 4340 475 4392 quam
488 4324 529 4379 bic
539 4328 564 4380 et
573 4326 632 4381 alibi
641 4327 781 4380 retulimus.
1281 4332 1284 4337 '
