2872 5062
158 364 229 436 iol
288 414 291 420 -
326 384 647 437 amnesamnes
671 381 802 436 unrmm
829 382 1045 435 srcmuauro.

157 508 313 581 Actorum
340 531 369 579 s.
387 504 518 578 Caroli:
539 502 728 603 «Quinque
751 502 924 576 dumtaxat
948 527 1024 576 esse
1042 522 1267 594 sacramenta,

158 643 246 724 quae
264 622 434 723 parochus
450 647 492 694 ax
508 620 622 695 officio
642 619 873 692 administrare
897 633 1015 718 potest,
1044 619 1267 721 baptismum,

158 739 419 825 eucharistiam,
448 736 706 837 poenitentiam,
735 737 996 821 matrimonium,
1026 752 1059 809 et
1087 753 1270 812 extremam

157 856 384 930 unctionem.»
407 854 497 927 Haec
528 854 617 926 enim
649 851 784 950 aliaque
808 852 974 925 eiusmodi
1008 852 1155 952 proiecto
1186 854 1273 927 nihil

157 971 251 1045 aliud
274 969 482 1068 significant,
506 994 607 1068 quam
629 968 766 1067 parochi
784 993 907 1040 munus
928 992 1005 1041 esse
1025 968 1270 1042 cohonestandi

158 1087 295 1185 nuptias
310 1086 377 1159 ritu
397 1108 506 1172 sacro,
521 1099 618 1183 prout
635 1084 670 1156 in
688 1083 831 1157 ecclesia
848 1082 920 1155 fieri
938 1083 1124 1156 consuerit.
1141 1085 1209 1158 Nec
1223 1110 1273 1158 re-

158 1203 224 1275 fert
246 1201 336 1301 quod
363 1201 405 1273 de
426 1198 715 1274 administratione
736 1199 940 1271 matrimonii
964 1198 999 1270 in
1027 1199 1083 1272 his
1100 1224 1212 1274 sermo
1230 1200 1277 1274 sit

157 1317 297 1418 perinde
316 1342 356 1390 ac
377 1316 419 1390 de
440 1314 730 1389 administratione
755 1331 937 1388 ceteromm
965 1332 1270 1402 sacramentorum

158 1432 326 1532 siquidem
355 1433 390 1504 in
417 1458 521 1505 seusu
551 1431 784 1518 accommodo,
813 1446 850 1502 ut
875 1431 993 1518 aiunt,
1020 1425 1162 1528 intelligi
1188 1431 1274 1504 haec

156 1549 279 1622 dehent
303 1574 364 1649 pro
390 1547 541 1621 subiecta
565 1548 719 1634 materia,
741 1547 832 1620 utin
850 1547 1005 1646 pluribus
1026 1546 1105 1621 aliis
1126 1547 1199 1621 lieri
1218 1572 1272 1621 so·

156 1663 202 1739 let
218 1665 410 1760 (32).‘Sane
428 1690 538 1763 neque
550 1659 703 1736 Clemens
716 1663 800 1734 Vlll.
817 1689 928 1763 neque
949 1663 1075 1736 Paulus
1092 1663 1146 1750 V.-,
1162 1688 1274 1764 neque

157 1805 187 1852 s.
205 1777 345 1853 Carolus
365 1780 587 1853 Borrhomeus
605 1805 765 1879 umquam
778 1797 980 1852 censuemnt
997 1779 1194 1880 parochum,
1213 1795 1275 1853 seit

158 1895 364 1968 sacerdotem
387 1892 552 1969 conficere
573 1912 819 1969 sacramentum
838 1896 1065 1982 matrimonii,
1090 1921 1167 1968 oum
1186 1893 1273 1968 haec

160 2011 325 2084 sententia
346 2011 439 2084 nulla
462 2027 570 2085 aetate
594 2012 776 2087 obtinuerit
801 2013 836 2085 in
862 2011 1004 2086 ecclesia
1030 2038 1180 2085 romana.

230 2127 368 2200 Accedit
390 2126 490 2200 etiam
516 2128 599 2200 haec
624 2142 840 2201 monumenta
862 2127 1049 2226 posteriora
1065 2152 1143 2201 esse
1158 2127 1275 2201 conci·

121 2328 123 2331 ι
160 2242 206 2316 lio
226 2243 429 2330 tridentino,
451 2243 486 2315 in
505 2268 572 2343 quo
593 2245 733 2343 parochi
752 2245 805 2318 sin
825 2243 938 2316 minus
956 2243 1164 2332 benedictio,
1185 2258 1275 2316 certe

159 2360 347 2458 praesentia
372 2359 418 2432 ita
442 2361 635 2434 necessaria
652 2359 771 2435 allecta
787 2378 855 2446 est,
876 2377 914 2433 ut
930 2359 1004 2432 sine
1021 2385 1062 2432 ea
1078 2360 1124 2432 sit
1139 2359 1273 2432 irritum

157 2474 368 2571 coniugium:
390 2472 541 2575 adeoque
557 2475 606 2547 nil
624 2476 744 2548 mirum
761 2490 833 2563 est,
851 2472 880 2548 si
899 2475 1007 2548 latiori
1023 2500 1125 2548 sensu
1138 2474 1273 2547 dicatur

157 2587 199 2660 ad
214 2588 398 2688 parochum
414 2590 578 2687 pertinere
588 2588 790 2663 matrimonii
805 2604 1051 2664 sacramentum
1064 2589 1269 2664 ministrare.

581 2779 787 2835 ARTICULUS
807 2780 857 2834 111.

529 2913 711 2991 Argumenta
726 2914 899 2992 theologica.

228 3052 433 3151 Argumenta
458 3081 498 3128 ex
524 3056 600 3155 ipso
624 3048 812 3154 theologiae
829 3082 919 3154 penu
939 3056 1157 3155 deprompta,
1186 3078 1276 3154 quae

156 3167 313 3241 evincunt
326 3170 398 3244 solo
411 3170 561 3268 legitimo
574 3170 720 3272 partium
733 3171 1000 3245 contrahentium
1013 3195 1183 3244 consensu
1198 3193 1276 3243 oon·

160 3283 242 3380 iugii
269 3304 511 3360 sacramentum
537 3280 669 3389 pertici,
700 3289 784 3361 adeo
809 3288 906 3360 firma
931 3312 971 3360 ao
996 3286 1106 3360 solida
1125 3301 1220 3373 sunt,
1238 3300 1276 3357 ut

158 3423 179 3469 a
204 3400 361 3488 nemine,
391 3403 450 3502 qui
476 3404 607 3479 sincero
633 3405 745 3477 animo
767 3421 801 3477 et
825 3402 991 3476 catholica
1017 3403 1145 3476 ratione
1174 3426 1276 3498 agere

161 3513 265 3601 velit,
298 3517 411 3615 respui
444 3520 587 3616 possint.
616 3519 819 3617 Argumenta
850 3545 929 3592 vero
962 3517 1172 3615 theologica,
1207 3541 1276 3614 qua

158 3626 225 3701 late
250 3645 383 3727 patent,
406 3659 473 3705 non
493 3634 601 3707 solum
621 3661 662 3706 ex
685 3635 732 3708 rei
753 3649 872 3708 natura
905 3651 1073 3734 petemus,
1094 3632 1155 3704 sed
1171 3631 1274 3705 etiam

159 3745 388 3822 ratiocinando
414 3750 617 3825 deducemus
642 3779 683 3824 ex
706 3752 866 3826 ecclesiae
887 3753 952 3824 hac
972 3751 1016 3824 de
1041 3776 1077 3822 re
1102 3749 1271 3834 doctrina,

231 3951 282 4014 (32)
299 3955 355 4003 Non
368 3953 492 4004 immerito
502 3954 614 4019 phrases,
625 3967 689 4016 quae
699 3955 852 4017 reperiuntur
863 3955 888 4003 in
899 3953 1023 4003 nonnullis
1033 3950 1175 4012 ritualibus,
1187 3948 1279 4013 quihus

157 4030 270 4082 sacerdos
285 4036 407 4083 minster
420 4037 599 4096 matrtmom't,
618 4037 661 4084 aut
678 4037 837 4090 sacramentt
853 4035 1016 4084 matrimonii
1034 4031 1208 4095 nuncupatur,
1226 4029 1276 4092 pta·

158 4110 228 4174 rique
245 4116 370 4176 exponunt
390 4115 437 4164 hoe
454 4127 536 4177 sensu,
547 4114 613 4178 quod
632 4127 719 4179 nempe
735 4114 766 4164 iis
784 4114 947 4178 significetur,
964 4113 1114 4164 sacerdotem
1131 4123 1184 4161 esse
1202 4112 1277 4160 mtnt·

156 4193 424 4246 strumsolcumttctts
440 4197 611 4245 matrimonii.
620 4194 659 4245 ct.
667 4194 919 4244 Bartholomcavaui
927 4193 1033 4256 theolog.
1042 4192 1145 4256 profess.
1155 4190 1182 4239 in
1192 4189 1274 4239 Archi·

156 4273 281 4334 gymnasio
305 4278 368 4324 rom.
388 4277 581 4326 Dtrscrtcztoue
601 4274 646 4326 det
658 4277 788 4326 eutnmtro
805 4274 849 4325 det
867 4271 1274 4339 suarcmaatodelmutrtmonto.

156 4354 233 4404 Roma
245 4360 312 4405 1821.
327 4368 350 4418 p.
366 4359 404 4405 to.
