2872 5062
177 349 245 407 uls.
260 359 696 413 r.ru1·lll.nsvenlu.slott.
711 363 804 413 ulra.
818 363 1116 418 susurrantem.
1178 349 1221 418 39

108 476 213 567 illum,
232 503 303 576 qua
320 477 474 560 Christro
500 481 675 557 eeclesiam
700 483 933 582 prosequitur,
958 501 992 557 et
1017 503 1132 561 sancte
1163 516 1223 586 gu-

107 592 243 679 nano,
264 608 298 665 a
314 593 390 692 ipa
414 595 558 671 aaran
582 595 717 671 chrisa
742 597 976 699 streame
992 601 1106 690 raam,
1126 582 1223 704 apsa

102 722 140 785 et
159 705 381 797 ¹tiberianam,
408 709 510 809 eique
533 737 595 811 per
617 711 841 793 obedientiam
871 714 1059 790 subiicitur.
1088 719 1223 793 Dixerat

104 822 200 911 enim
212 849 246 903 r.
269 823 327 897 25.
349 824 532 907 «Banna
549 826 700 900 subiecta
724 843 777 901 est
801 827 954 902 Christo.
971 888 978 901 .
995 847 1049 927 ‚et
1066 831 1221 908 Christus

102 937 225 1019 dilexit
250 937 451 1029 sodomam,
481 957 514 1015 et
538 942 689 1042 seipsum
721 942 858 1017 tradidit
881 971 947 1044 pro
979 973 1040 1040 ea,
1068 964 1106 1021 ut
1130 949 1221 1023 illan

106 1053 380 1144 Wifiwffitl
401 1072 500 1155 prout
524 1058 551 1129 l.
573 1058 658 1130 Tim.
680 1059 723 1129 ll.
745 1060 804 1130 lt.
826 1059 980 1158 scripsit:
1002 1061 1222 1156 nSalrabitur

105 1169 265 1267 (mulier)
285 1198 348 1271 per
368 1171 517 1261 ‚tiliorum
541 1172 789 1270 generationem
810 1174 922 1270 (idest'
938 1178 977 1249 ἑτι
1000 1178 1144 1276 filiorem
1166 1206 1222 1278 qe-

102 1287 288 1382 nerott'ooe)
305 1345 314 1375 ,
333 1287 365 1363 si
389 1289 613 1387 permanserit
637 1289 673 1362 in
697 1289 784 1376 fide,
805 1306 837 1362 et
861 1290 1112 1379 dilectione,.et
1142 1321 1221 1372 sen·

101 1401 307 1491 ctificatione
330 1429 407 1477 cum
432 1404 613 1478 sobrietate
629 1408 745 1502 (100).
761 1436 779 1477 n
798 1406 974 1482 Eiusmodi
992 1424 1103 1485 autem
1121 1410 1221 1509 spiri-

101 1515 205 1591 tualis
230 1543 293 1609 seu
315 1519 583 1618 supernaturalis
604 1520 738 1596 dilectio
755 1537 788 1595 et
805 1521 952 1596 charitas
967 1523 1087 1618 ,haberi
1106 1525 1221 1624 nequit

100 1631 168 1720 nisi
194 1659 254 1733 per
285 1634 438 1732 gratiam.
467 1633 553 1710 Cum
586 1635 751 1734 igiturex
775 1636 934 1736 Apostnlo
959 1637 1218 1713 christianorum

99 1749 295 1848 coniugium
311 1749 433 1833 debeat
449 1752 486 1824 in
504 1752 632 1825 ratione
657 1752 745 1850 signi
770 1738 977 1852 praeseferre
1001 1753 1125 1827 Christi
1142 1781 1219 1827 cum

99 1864 245 1954 cordesio
275 1865 435 1955 numnam
459 1893 520 1965 per
549 1867 712 1965 gratiam,
741 1883 774 1941 et
799 1867 887 1943 banc
917 1868 1060 1967 gratiam
1085 1869 1129 1943 ad
1154 1869 1219 1945 hoe

100 2008 224 2073 munus
246 1981 451 2081 explendum
477 1983 624 2057 conferat
648 2008 787 2059 necesse
812 1999 896 2079 est.

69 2178 71 2182 ,
101 2176 104 2182 Α
127 2105 129 2109 ’
171 2096 248 2187 Dixi
274 2098 524 2187 christianornm
547 2099 752 2195 cassiopim
772 2098 854 2198 quia
877 2097 959 2171 lieet·
971 2097 1151 2197 Apostolus
1168 2099 1219 2171 al-

102 2212 196 2285 ludat
218 2213 315 2287 etiam
341 2213 385 2286 ad
409 2213 601 2310 coniugium
632 2229 922 2312 protoparentum,
953 2230 986 2286 et
1009 2229 1217 2312 posterorum

100 2329 270 2418 omnium,
290 2329 372 2429 quia
397 2345 429 2403 et
454 2328 514 2402 illa
538 2329 693 2426 coniugia
719 2354 780 2402 suo
805 2329 904 2402 modo
921 2327 1217 2429 repraesentabant

97 2444 246 2529 sutrinam
280 2444 406 2521 Christi
446 2472 522 2519 oum
555 2443 697 2523 eeclesia
734 2442 1032 2532 coniunctionem,
1072 2461 1215 2521 attamen

94 2586 173 2634 cum
197 2560 349 2635 nondum
374 2576 453 2634 tuno
477 2560 579 2633 fuerit
602 2560 739 2647 effecta,
760 2587 801 2634 ea
825 2576 921 2633 erant
945 2576 1073 2634 tantum
1102 2560 1215 2661 typica

100 2675 265 2776 quaedam
297 2676 579 2776 repraesentatio:
610 2692 644 2749 at
668 2692 887 2778 posteaquam
918 2676 1038 2769 effecta
1068 2692 1119 2770 est
1144 2680 1215 2748 tum

101 2791 242 2892 physica
258 2791 355 2864 Verbi
382 2791 463 2871 uuio
487 2818 564 2865 oum
589 2791 737 2864 humana
754 2807 892 2878 natura,
913 2808 982 2864 turn
1000 2791 1137 2864 moralis
1155 2818 1215 2890 per

99 2907 238 3006 gratiam
250 2933 326 2981 eum
340 2905 499 2996 ecclesia,
515 2907 670 3004 coniugia
683 2907 942 2982 christianorum
955 2907 1108 2980 eamdem
1120 2907 1214 2980 unio·

98 3006 283 3120 nem'sipno
291 3025 437 3122 prastino
450 3028 713 3122 repraesentant.
725 3023 923 3096 Praesertim
941 3048 1019 3095 oum
1037 3048 1077 3094 ea
1094 3022 1215 3095 reserat

98 3139 278 3243 Apostolus
305 3139 347 3212 ad
373 3138 581 3212 inducendos
604 3139 715 3238 fideles
739 3139 782 3210 ad
803 3154 952 3212 mutuam
969 3136 1164 3219 charitatem
1182 3152 1214 3208 et

42 3329 44 3336 ,
98 3255 310 3330 dilectionem
335 3254 378 3329 ad
404 3254 528 3327 Christi
545 3270 578 3326 et
596 3252 758 3328 ecelesiae
779 3269 993 3353 prototypum
1020 3247 1213 3348 significan-

98 3371 196 3458 dum;
217 3387 250 3444 et
266 3371 330 3447 hac
347 3370 474 3444 ratione
498 3369 600 3443 dixit:
622 3385 868 3442 sacramentum
886 3369 951 3442 hoo
968 3393 1125 3465 magnum
1143 3382 1208 3450 est,

98 3513 162 3563 uon
189 3502 300 3560 autem
325 3487 401 3586 [uit.
424 3483 497 3570 Quo
524 3511 627 3558 sensu
645 3511 675 3557 s.
696 3483 904 3582 Augustinus
922 3482 1050 3583 passim
1069 3481 1212 3556 affirmat

94 3791 99 3809 ,
164 3743 238 3808 ,(100)
248 3743 310 3795 liele
321 3742 382 3795 reite
392 3743 523 3794 observant
531 3743 674 3807 interpretes
684 3743 801 3794 catholici
813 3756 870 3793 curn
879 3742 1042 3804 Bellarmino,
1054 3741 1086 3791 ab
1096 3737 1212 3802 apostolo

96 3825 203 3891 nupturos
219 3820 287 3873 hona
303 3823 441 3875 enumerari
458 3823 608 3874 matrimonii
621 3822 755 3881 ,christiani
770 3823 856 3873 eontra
870 3823 976 3885 quatuor
991 3820 1069 3880 mala,
1081 3830 1144 3881 quae
1159 3815 1212 3867 sine

94 3903 173 3968 grstia
190 3901 236 3955 nst
248 3902 275 3952 in
286 3903 442 3967 matrlnnonin
455 3903 542 3953 evitari
557 3916 609 3953 non
626 3904 738 3966 possunt.
751 3902 861 3952 Primum
876 3904 913 3952 est
925 3892 1037 3962 malunt,⁴
1049 3911 1098 3948 non
1114 3908 1210 3946 serrare

94 3981 201 4049 coniugii
212 3980 297 4037 tidem.
304 3981 459 4045 secundnm,
472 3980 556 4031 odium
567 3983 593 4032 et
602 3982 684 4044 rixae,
698 3994 762 4045 quae
772 3979 877 4033 subinde
887 3981 950 4030 inter
961 3979 1074 4042 coniuges
1087 3975 1208 4026 oriuntur.

94 4053 205 4125 Tertium
211 4099 222 4130 ,
235 4061 392 4113 immunditie
403 4060 525 4125 quaedam
533 4062 558 4111 et
566 4059 694 4124 turpitudo
705 4073 735 4111 ex
746 4059 877 4110 rebellione
888 4058 1061 4124 urembrornm.
1073 4055 1209 4114 Quartum,

92 4141 352 4209 unumunurn
367 4141 459 4193 Paulus
471 4141 574 4205 opponit
589 4140 681 4204 tidem,
697 4140 866 4201 dilectionem,
881 4137 1116 4197 sanctificationem,
1133 4136 1158 4184 et
1172 4146 1211 4183 so·

95 4210 236 4289 hrlslmmn,
251 4223 278 4272 in
293 4220 383 4285 quibus
400 4221 591 4287 pammendum
606 4235 658 4272 esse
673 4219 747 4284 dicit,
764 4222 891 4283 tamquam
905 4217 1020 4269 videlicet
1035 4219 1063 4266 tn
1079 4218 1137 4282 ipsa
1152 4226 1207 4265 ma·

94 4305 212 4367 trimntl
222 4301 398 4384 celebratione
412 4285 529 4369 aceepih.
