<?xml version="1.0" encoding="UTF-8"?>
<!DOCTYPE html PUBLIC "-//W3C//DTD XHTML 1.0 Transitional//EN"
    "http://www.w3.org/TR/xhtml1/DTD/xhtml1-transitional.dtd">
<html xmlns="http://www.w3.org/1999/xhtml" xml:lang="en" lang="en">
 <head>
  <title>
</title>
<meta http-equiv="Content-Type" content="text/html;charset=utf-8" />
  <meta name='ocr-system' content='tesseract 3.04.00' />
  <meta name='ocr-capabilities' content='ocr_page ocr_carea ocr_par ocr_line ocrx_word'/>
</head>
<body>
  <div class='ocr_page' id='page_1' title='image "./dematrimoniochr00perrgoog_0341.png"; bbox 0 0 2872 5062; ppageno 0'>
   <div class='ocr_carea' id='block_1_1' title="bbox 254 318 1292 398">
    <p class='ocr_par' dir='ltr' id='par_1_1' title="bbox 254 318 1292 398">
     <span class='ocr_line' id='line_1_1' title="bbox 254 318 1292 398; baseline 0.008 -8"><span class='ocrx_word' id='word_1_1' title='bbox 254 318 324 391; x_wconf 75' lang='lat' dir='ltr'><strong>tta</strong></span> <span class='ocrx_word' id='word_1_2' title='bbox 454 338 516 389; x_wconf 82' lang='lat' dir='ltr'><strong>rm.</strong></span> <span class='ocrx_word' id='word_1_3' title='bbox 536 339 561 388; x_wconf 87' lang='lat' dir='ltr'><strong>r.</strong></span> <span class='ocrx_word' id='word_1_4' title='bbox 582 339 668 390; x_wconf 82' lang='lat' dir='ltr'><strong>sacr.</strong></span> <span class='ocrx_word' id='word_1_5' title='bbox 690 340 820 390; x_wconf 78' lang='lat' dir='ltr'><strong>mrmr.</strong></span> <span class='ocrx_word' id='word_1_6' title='bbox 845 339 885 389; x_wconf 84' lang='lat' dir='ltr'><strong>na</strong></span> <span class='ocrx_word' id='word_1_7' title='bbox 902 340 1036 392; x_wconf 75' lang='lat' dir='ltr'><strong>urata.</strong></span> <span class='ocrx_word' id='word_1_8' title='bbox 1056 340 1167 393; x_wconf 79' lang='lat' dir='ltr'><strong>uum.</strong></span> <span class='ocrx_word' id='word_1_9' title='bbox 1280 374 1292 398; x_wconf 89' lang='lat'><strong>.</strong></span> 
     </span>
    </p>
   </div>
   <div class='ocr_carea' id='block_1_2' title="bbox 248 458 1376 1461">
    <p class='ocr_par' dir='ltr' id='par_1_2' title="bbox 248 458 1376 1461">
     <span class='ocr_line' id='line_1_2' title="bbox 251 458 1365 560; baseline 0.004 -27"><span class='ocrx_word' id='word_1_10' title='bbox 251 460 448 533; x_wconf 78' lang='lat' dir='ltr'><strong>clamaverit</strong></span> <span class='ocrx_word' id='word_1_11' title='bbox 470 458 515 533; x_wconf 92' lang='lat' dir='ltr'><strong>ob</strong></span> <span class='ocrx_word' id='word_1_12' title='bbox 546 460 781 532; x_wconf 89' lang='lat' dir='ltr'><strong>sanctissimas</strong></span> <span class='ocrx_word' id='word_1_13' title='bbox 815 459 1007 533; x_wconf 79' lang='lat' dir='ltr'><strong>sanctiones</strong></span> <span class='ocrx_word' id='word_1_14' title='bbox 1032 485 1115 534; x_wconf 88' lang='lat' dir='ltr'><strong>suas</strong></span> <span class='ocrx_word' id='word_1_15' title='bbox 1140 459 1281 560; x_wconf 88' lang='lat' dir='ltr'><strong>indigne</strong></span> <span class='ocrx_word' id='word_1_16' title='bbox 1301 490 1365 537; x_wconf 89' lang='lat' dir='ltr'><strong>au-</strong></span> 
     </span>
     <span class='ocr_line' id='line_1_3' title="bbox 251 575 1365 677; baseline 0.004 -27"><span class='ocrx_word' id='word_1_17' title='bbox 251 577 433 676; x_wconf 87' lang='lat' dir='ltr'><strong>dacterque</strong></span> <span class='ocrx_word' id='word_1_18' title='bbox 456 575 500 649; x_wconf 90' lang='lat' dir='ltr'><strong>ab</strong></span> <span class='ocrx_word' id='word_1_19' title='bbox 524 576 585 664; x_wconf 87' lang='lat' dir='ltr'><strong>iis,</strong></span> <span class='ocrx_word' id='word_1_20' title='bbox 604 576 664 676; x_wconf 86' lang='lat' dir='ltr'><strong>qui</strong></span> <span class='ocrx_word' id='word_1_21' title='bbox 690 575 779 649; x_wconf 89' lang='lat' dir='ltr'><strong>lilios</strong></span> <span class='ocrx_word' id='word_1_22' title='bbox 804 602 886 650; x_wconf 88' lang='lat' dir='ltr'><strong>suos</strong></span> <span class='ocrx_word' id='word_1_23' title='bbox 904 603 942 649; x_wconf 85' lang='lat' dir='ltr'><strong>se</strong></span> <span class='ocrx_word' id='word_1_24' title='bbox 959 593 1169 677; x_wconf 89' lang='lat' dir='ltr'><strong>nuncupant,</strong></span> <span class='ocrx_word' id='word_1_25' title='bbox 1189 578 1365 677; x_wconf 88' lang='lat' dir='ltr'><strong>proculca-</strong></span> 
     </span>
     <span class='ocr_line' id='line_1_4' title="bbox 251 692 1376 797; baseline 0.004 -31"><span class='ocrx_word' id='word_1_26' title='bbox 251 710 323 780; x_wconf 88' lang='lat' dir='ltr'><strong>tas,</strong></span> <span class='ocrx_word' id='word_1_27' title='bbox 342 693 413 766; x_wconf 87' lang='lat' dir='ltr'><strong>Deo</strong></span> <span class='ocrx_word' id='word_1_28' title='bbox 437 692 657 766; x_wconf 87' lang='lat' dir='ltr'><strong>committeret</strong></span> <span class='ocrx_word' id='word_1_29' title='bbox 680 718 818 766; x_wconf 86' lang='lat' dir='ltr'><strong>cansam</strong></span> <span class='ocrx_word' id='word_1_30' title='bbox 844 718 953 766; x_wconf 87' lang='lat' dir='ltr'><strong>suam.</strong></span> <span class='ocrx_word' id='word_1_31' title='bbox 979 692 1117 767; x_wconf 90' lang='lat' dir='ltr'><strong>luterim</strong></span> <span class='ocrx_word' id='word_1_32' title='bbox 1134 693 1188 766; x_wconf 84' lang='lat' dir='ltr'><strong>lex</strong></span> <span class='ocrx_word' id='word_1_33' title='bbox 1205 710 1253 770; x_wconf 91' lang='lat' dir='ltr'><strong>tot</strong></span> <span class='ocrx_word' id='word_1_34' title='bbox 1268 699 1376 797; x_wconf 62' lang='lat' dir='ltr'><strong>capi,</strong></span> 
     </span>
     <span class='ocr_line' id='line_1_5' title="bbox 251 808 1365 913; baseline 0.005 -32"><span class='ocrx_word' id='word_1_35' title='bbox 251 808 343 882; x_wconf 89' lang='lat' dir='ltr'><strong>tibus</strong></span> <span class='ocrx_word' id='word_1_36' title='bbox 367 808 596 908; x_wconf 88' lang='lat' dir='ltr'><strong>antipolitica,</strong></span> <span class='ocrx_word' id='word_1_37' title='bbox 625 809 710 883; x_wconf 88' lang='lat' dir='ltr'><strong>adeo</strong></span> <span class='ocrx_word' id='word_1_38' title='bbox 734 836 801 883; x_wconf 93' lang='lat' dir='ltr'><strong>non</strong></span> <span class='ocrx_word' id='word_1_39' title='bbox 828 809 928 884; x_wconf 92' lang='lat' dir='ltr'><strong>modo</strong></span> <span class='ocrx_word' id='word_1_40' title='bbox 952 810 1136 898; x_wconf 87' lang='lat' dir='ltr'><strong>ecclesiae,</strong></span> <span class='ocrx_word' id='word_1_41' title='bbox 1164 811 1228 886; x_wconf 91' lang='lat' dir='ltr'><strong>sed</strong></span> <span class='ocrx_word' id='word_1_42' title='bbox 1253 813 1365 913; x_wconf 87' lang='lat' dir='ltr'><strong>ipsius</strong></span> 
     </span>
     <span class='ocr_line' id='line_1_6' title="bbox 251 922 1366 1026; baseline 0.004 -30"><span class='ocrx_word' id='word_1_43' title='bbox 251 923 366 1025; x_wconf 88' lang='lat' dir='ltr'><strong>populi</strong></span> <span class='ocrx_word' id='word_1_44' title='bbox 391 922 547 997; x_wconf 81' lang='lat' dir='ltr'><strong>catholici</strong></span> <span class='ocrx_word' id='word_1_45' title='bbox 572 949 613 997; x_wconf 87' lang='lat' dir='ltr'><strong>ac</strong></span> <span class='ocrx_word' id='word_1_46' title='bbox 637 925 809 998; x_wconf 90' lang='lat' dir='ltr'><strong>societatis</strong></span> <span class='ocrx_word' id='word_1_47' title='bbox 834 923 966 998; x_wconf 90' lang='lat' dir='ltr'><strong>iuribus</strong></span> <span class='ocrx_word' id='word_1_48' title='bbox 991 925 1158 1014; x_wconf 88' lang='lat' dir='ltr'><strong>adversa,</strong></span> <span class='ocrx_word' id='word_1_49' title='bbox 1182 953 1204 1000; x_wconf 90' lang='lat' dir='ltr'><strong>a</strong></span> <span class='ocrx_word' id='word_1_50' title='bbox 1228 926 1366 1026; x_wconf 86' lang='lat' dir='ltr'><strong>publica</strong></span> 
     </span>
     <span class='ocr_line' id='line_1_7' title="bbox 249 1040 1364 1142; baseline 0.002 -26"><span class='ocrx_word' id='word_1_51' title='bbox 249 1042 408 1142; x_wconf 86' lang='lat' dir='ltr'><strong>opinione</strong></span> <span class='ocrx_word' id='word_1_52' title='bbox 432 1040 610 1140; x_wconf 87' lang='lat' dir='ltr'><strong>reprobata</strong></span> <span class='ocrx_word' id='word_1_53' title='bbox 634 1041 822 1115; x_wconf 82' lang='lat' dir='ltr'><strong>certissime</strong></span> <span class='ocrx_word' id='word_1_54' title='bbox 842 1044 1004 1140; x_wconf 90' lang='lat' dir='ltr'><strong>temporis</strong></span> <span class='ocrx_word' id='word_1_55' title='bbox 1029 1058 1137 1116; x_wconf 83' lang='lat' dir='ltr'><strong>tractu</strong></span> <span class='ocrx_word' id='word_1_56' title='bbox 1159 1069 1227 1118; x_wconf 92' lang='lat' dir='ltr'><strong>non</strong></span> <span class='ocrx_word' id='word_1_57' title='bbox 1251 1043 1364 1119; x_wconf 90' lang='lat' dir='ltr'><strong>solum</strong></span> 
     </span>
     <span class='ocr_line' id='line_1_8' title="bbox 250 1155 1365 1258; baseline 0.004 -30"><span class='ocrx_word' id='word_1_58' title='bbox 250 1159 285 1229; x_wconf 91' lang='lat' dir='ltr'><strong>in</strong></span> <span class='ocrx_word' id='word_1_59' title='bbox 313 1156 570 1232; x_wconf 82' lang='lat' dir='ltr'><strong>desuetudinem</strong></span> <span class='ocrx_word' id='word_1_60' title='bbox 596 1182 637 1229; x_wconf 86' lang='lat' dir='ltr'><strong>ae</strong></span> <span class='ocrx_word' id='word_1_61' title='bbox 661 1155 864 1230; x_wconf 88' lang='lat' dir='ltr'><strong>oblivionem</strong></span> <span class='ocrx_word' id='word_1_62' title='bbox 897 1156 1065 1245; x_wconf 88' lang='lat' dir='ltr'><strong>tradetur,</strong></span> <span class='ocrx_word' id='word_1_63' title='bbox 1092 1157 1154 1231; x_wconf 88' lang='lat' dir='ltr'><strong>sed</strong></span> <span class='ocrx_word' id='word_1_64' title='bbox 1178 1184 1200 1231; x_wconf 90' lang='lat' dir='ltr'><strong>a</strong></span> <span class='ocrx_word' id='word_1_65' title='bbox 1223 1159 1365 1258; x_wconf 83' lang='lat' dir='ltr'><strong>legilera</strong></span> 
     </span>
     <span class='ocr_line' id='line_1_9' title="bbox 249 1271 1363 1372; baseline 0.004 -28"><span class='ocrx_word' id='word_1_66' title='bbox 249 1273 326 1372; x_wconf 87' lang='lat' dir='ltr'><strong>ipsa</strong></span> <span class='ocrx_word' id='word_1_67' title='bbox 349 1286 514 1370; x_wconf 75' lang='lat' dir='ltr'><strong>potestate</strong></span> <span class='ocrx_word' id='word_1_68' title='bbox 538 1271 729 1346; x_wconf 88' lang='lat' dir='ltr'><strong>necessario</strong></span> <span class='ocrx_word' id='word_1_69' title='bbox 758 1298 779 1343; x_wconf 93' lang='lat' dir='ltr'><strong>a</strong></span> <span class='ocrx_word' id='word_1_70' title='bbox 803 1271 920 1345; x_wconf 88' lang='lat' dir='ltr'><strong>codice</strong></span> <span class='ocrx_word' id='word_1_71' title='bbox 943 1287 1171 1372; x_wconf 83' lang='lat' dir='ltr'><strong>expungatur,</strong></span> <span class='ocrx_word' id='word_1_72' title='bbox 1200 1299 1279 1347; x_wconf 89' lang='lat' dir='ltr'><strong>cum</strong></span> <span class='ocrx_word' id='word_1_73' title='bbox 1303 1274 1363 1348; x_wconf 91' lang='lat' dir='ltr'><strong>de-</strong></span> 
     </span>
     <span class='ocr_line' id='line_1_10' title="bbox 248 1387 605 1461; baseline -0.006 -3"><span class='ocrx_word' id='word_1_74' title='bbox 248 1387 336 1460; x_wconf 87' lang='lat' dir='ltr'><strong>derit</strong></span> <span class='ocrx_word' id='word_1_75' title='bbox 360 1387 488 1459; x_wconf 80' lang='lat' dir='ltr'><strong>lructvm</strong></span> <span class='ocrx_word' id='word_1_76' title='bbox 513 1412 605 1461; x_wconf 87' lang='lat' dir='ltr'><strong>suos.</strong></span> 
     </span>
    </p>
   </div>
   <div class='ocr_carea' id='block_1_3' title="bbox 662 1619 937 1677">
    <p class='ocr_par' dir='ltr' id='par_1_3' title="bbox 662 1619 937 1677">
     <span class='ocr_line' id='line_1_11' title="bbox 662 1619 937 1677; baseline -0.007 -2"><span class='ocrx_word' id='word_1_77' title='bbox 662 1619 871 1677; x_wconf 79' lang='lat' dir='ltr'><strong>All&#39;l&#39;lCULUS</strong></span> <span class='ocrx_word' id='word_1_78' title='bbox 891 1621 937 1674; x_wconf 82' lang='lat' dir='ltr'><strong>tv,</strong></span> 
     </span>
    </p>
   </div>
   <div class='ocr_carea' id='block_1_4' title="bbox 302 1783 1305 1959">
    <p class='ocr_par' dir='ltr' id='par_1_4' title="bbox 302 1783 1305 1959">
     <span class='ocr_line' id='line_1_12' title="bbox 302 1783 1305 1864; baseline 0.005 -20"><span class='ocrx_word' id='word_1_79' title='bbox 302 1785 382 1861; x_wconf 79' lang='lat' dir='ltr'><strong>Lex,</strong></span> <span class='ocrx_word' id='word_1_80' title='bbox 401 1801 478 1861; x_wconf 85' lang='lat' dir='ltr'><strong>quae</strong></span> <span class='ocrx_word' id='word_1_81' title='bbox 490 1783 713 1844; x_wconf 75' lang='lat' dir='ltr'><strong>Matrimonium</strong></span> <span class='ocrx_word' id='word_1_82' title='bbox 725 1785 812 1843; x_wconf 84' lang='lat' dir='ltr'><strong>civile</strong></span> <span class='ocrx_word' id='word_1_83' title='bbox 823 1783 966 1844; x_wconf 81' lang='lat' dir='ltr'><strong>libertatis</strong></span> <span class='ocrx_word' id='word_1_84' title='bbox 978 1787 1098 1844; x_wconf 79' lang='lat' dir='ltr'><strong>nomina</strong></span> <span class='ocrx_word' id='word_1_85' title='bbox 1109 1785 1305 1864; x_wconf 64' lang='lat' dir='ltr'><strong>echonem,</strong></span> 
     </span>
     <span class='ocr_line' id='line_1_13' title="bbox 478 1881 1125 1959; baseline 0.005 -19"><span class='ocrx_word' id='word_1_86' title='bbox 478 1883 511 1941; x_wconf 86' lang='lat' dir='ltr'><strong>tu</strong></span> <span class='ocrx_word' id='word_1_87' title='bbox 530 1881 622 1958; x_wconf 85' lang='lat' dir='ltr'><strong>legem</strong></span> <span class='ocrx_word' id='word_1_88' title='bbox 642 1881 761 1956; x_wconf 83' lang='lat' dir='ltr'><strong>desiuit,</strong></span> <span class='ocrx_word' id='word_1_89' title='bbox 774 1897 851 1957; x_wconf 88' lang='lat' dir='ltr'><strong>quae</strong></span> <span class='ocrx_word' id='word_1_90' title='bbox 862 1881 944 1942; x_wconf 84' lang='lat' dir='ltr'><strong>favet</strong></span> <span class='ocrx_word' id='word_1_91' title='bbox 962 1882 1125 1959; x_wconf 86' lang='lat' dir='ltr'><strong>tyrannidi.</strong></span> 
     </span>
    </p>
   </div>
   <div class='ocr_carea' id='block_1_5' title="bbox 243 2065 1362 2513">
    <p class='ocr_par' dir='ltr' id='par_1_5' title="bbox 243 2065 1362 2513">
     <span class='ocr_line' id='line_1_14' title="bbox 317 2065 1362 2171; baseline 0.005 -34"><span class='ocrx_word' id='word_1_92' title='bbox 317 2065 377 2137; x_wconf 82' lang='lat' dir='ltr'><strong>Vix</strong></span> <span class='ocrx_word' id='word_1_93' title='bbox 391 2065 559 2164; x_wconf 86' lang='lat' dir='ltr'><strong>suspicari</strong></span> <span class='ocrx_word' id='word_1_94' title='bbox 571 2066 745 2164; x_wconf 84' lang='lat' dir='ltr'><strong>quispiam</strong></span> <span class='ocrx_word' id='word_1_95' title='bbox 759 2091 862 2165; x_wconf 88' lang='lat' dir='ltr'><strong>posse</strong></span> <span class='ocrx_word' id='word_1_96' title='bbox 882 2065 1072 2153; x_wconf 89' lang='lat' dir='ltr'><strong>videretur,</strong></span> <span class='ocrx_word' id='word_1_97' title='bbox 1093 2092 1169 2140; x_wconf 88' lang='lat' dir='ltr'><strong>eam</strong></span> <span class='ocrx_word' id='word_1_98' title='bbox 1181 2066 1291 2165; x_wconf 91' lang='lat' dir='ltr'><strong>legem</strong></span> <span class='ocrx_word' id='word_1_99' title='bbox 1311 2084 1362 2171; x_wconf 93' lang='lat' dir='ltr'><strong>ty-</strong></span> 
     </span>
     <span class='ocr_line' id='line_1_15' title="bbox 247 2179 1361 2282; baseline 0.004 -28"><span class='ocrx_word' id='word_1_100' title='bbox 247 2179 381 2254; x_wconf 89' lang='lat' dir='ltr'><strong>raunidi</strong></span> <span class='ocrx_word' id='word_1_101' title='bbox 395 2179 622 2280; x_wconf 80' lang='lat' dir='ltr'><strong>laveruntque</strong></span> <span class='ocrx_word' id='word_1_102' title='bbox 635 2180 720 2254; x_wconf 85' lang='lat' dir='ltr'><strong>adeo</strong></span> <span class='ocrx_word' id='word_1_103' title='bbox 733 2206 810 2253; x_wconf 90' lang='lat' dir='ltr'><strong>esse</strong></span> <span class='ocrx_word' id='word_1_104' title='bbox 828 2181 1048 2280; x_wconf 80' lang='lat' dir='ltr'><strong>tyrannicam,</strong></span> <span class='ocrx_word' id='word_1_105' title='bbox 1066 2207 1155 2282; x_wconf 88' lang='lat' dir='ltr'><strong>qnae</strong></span> <span class='ocrx_word' id='word_1_106' title='bbox 1167 2182 1361 2257; x_wconf 74' lang='lat' dir='ltr'><strong>[aeduum</strong></span> 
     </span>
     <span class='ocr_line' id='line_1_16' title="bbox 245 2294 1361 2396; baseline 0.003 -26"><span class='ocrx_word' id='word_1_107' title='bbox 245 2295 383 2394; x_wconf 88' lang='lat' dir='ltr'><strong>praebet</strong></span> <span class='ocrx_word' id='word_1_108' title='bbox 395 2294 694 2369; x_wconf 87' lang='lat' dir='ltr'><strong>indiscriminatim</strong></span> <span class='ocrx_word' id='word_1_109' title='bbox 707 2294 864 2370; x_wconf 90' lang='lat' dir='ltr'><strong>omnibus</strong></span> <span class='ocrx_word' id='word_1_110' title='bbox 882 2294 1000 2370; x_wconf 87' lang='lat' dir='ltr'><strong>civiles</strong></span> <span class='ocrx_word' id='word_1_111' title='bbox 1014 2297 1151 2396; x_wconf 87' lang='lat' dir='ltr'><strong>nuptias</strong></span> <span class='ocrx_word' id='word_1_112' title='bbox 1163 2299 1361 2375; x_wconf 88' lang='lat' dir='ltr'><strong>contrahen-</strong></span> 
     </span>
     <span class='ocr_line' id='line_1_17' title="bbox 243 2410 1360 2513; baseline 0.004 -30"><span class='ocrx_word' id='word_1_113' title='bbox 243 2411 292 2500; x_wconf 90' lang='lat' dir='ltr'><strong>di,</strong></span> <span class='ocrx_word' id='word_1_114' title='bbox 309 2438 464 2513; x_wconf 86' lang='lat' dir='ltr'><strong>quaeque</strong></span> <span class='ocrx_word' id='word_1_115' title='bbox 477 2413 589 2512; x_wconf 85' lang='lat' dir='ltr'><strong>potius</strong></span> <span class='ocrx_word' id='word_1_116' title='bbox 603 2411 647 2485; x_wconf 91' lang='lat' dir='ltr'><strong>ad</strong></span> <span class='ocrx_word' id='word_1_117' title='bbox 660 2410 860 2500; x_wconf 87' lang='lat' dir='ltr'><strong>libertatem,</strong></span> <span class='ocrx_word' id='word_1_118' title='bbox 877 2412 980 2485; x_wconf 89' lang='lat' dir='ltr'><strong>immo</strong></span> <span class='ocrx_word' id='word_1_119' title='bbox 991 2437 1071 2486; x_wconf 88' lang='lat' dir='ltr'><strong>vero</strong></span> <span class='ocrx_word' id='word_1_120' title='bbox 1083 2413 1184 2490; x_wconf 88' lang='lat' dir='ltr'><strong>etiam</strong></span> <span class='ocrx_word' id='word_1_121' title='bbox 1197 2413 1242 2488; x_wconf 88' lang='lat' dir='ltr'><strong>ad</strong></span> <span class='ocrx_word' id='word_1_122' title='bbox 1256 2413 1360 2489; x_wconf 90' lang='lat' dir='ltr'><strong>licen-</strong></span> 
     </span>
    </p>
   </div>
   <div class='ocr_carea' id='block_1_6' title="bbox 235 2526 1360 4362">
    <p class='ocr_par' dir='ltr' id='par_1_6' title="bbox 235 2526 1360 4362">
     <span class='ocr_line' id='line_1_18' title="bbox 244 2526 1359 2630; baseline 0.003 -31"><span class='ocrx_word' id='word_1_123' title='bbox 244 2528 323 2600; x_wconf 90' lang='lat' dir='ltr'><strong>tiam</strong></span> <span class='ocrx_word' id='word_1_124' title='bbox 340 2527 517 2600; x_wconf 81' lang='lat' dir='ltr'><strong>fovendam</strong></span> <span class='ocrx_word' id='word_1_125' title='bbox 535 2526 703 2624; x_wconf 80' lang='lat' dir='ltr'><strong>dirigitur.</strong></span> <span class='ocrx_word' id='word_1_126' title='bbox 720 2526 822 2626; x_wconf 74' lang='lat' dir='ltr'><strong>Atqui</strong></span> <span class='ocrx_word' id='word_1_127' title='bbox 843 2526 1008 2601; x_wconf 90' lang='lat' dir='ltr'><strong>eiusmodi</strong></span> <span class='ocrx_word' id='word_1_128' title='bbox 1024 2527 1080 2601; x_wconf 81' lang='lat' dir='ltr'><strong>lex</strong></span> <span class='ocrx_word' id='word_1_129' title='bbox 1096 2527 1163 2602; x_wconf 90' lang='lat' dir='ltr'><strong>snb</strong></span> <span class='ocrx_word' id='word_1_130' title='bbox 1179 2527 1359 2630; x_wconf 80' lang='lat' dir='ltr'><strong>multiplici</strong></span> 
     </span>
     <span class='ocr_line' id='line_1_19' title="bbox 244 2642 1359 2745; baseline 0.005 -32"><span class='ocrx_word' id='word_1_131' title='bbox 244 2657 399 2740; x_wconf 87' lang='lat' dir='ltr'><strong>respectu</strong></span> <span class='ocrx_word' id='word_1_132' title='bbox 424 2667 563 2715; x_wconf 86' lang='lat' dir='ltr'><strong>necesse</strong></span> <span class='ocrx_word' id='word_1_133' title='bbox 579 2657 633 2716; x_wconf 89' lang='lat' dir='ltr'><strong>est</strong></span> <span class='ocrx_word' id='word_1_134' title='bbox 652 2642 831 2742; x_wconf 88' lang='lat' dir='ltr'><strong>tyrannica</strong></span> <span class='ocrx_word' id='word_1_135' title='bbox 849 2642 981 2730; x_wconf 90' lang='lat' dir='ltr'><strong>evadat,</strong></span> <span class='ocrx_word' id='word_1_136' title='bbox 1003 2668 1064 2716; x_wconf 90' lang='lat' dir='ltr'><strong>scu</strong></span> <span class='ocrx_word' id='word_1_137' title='bbox 1082 2643 1158 2718; x_wconf 87' lang='lat' dir='ltr'><strong>lons</strong></span> <span class='ocrx_word' id='word_1_138' title='bbox 1175 2660 1359 2745; x_wconf 84' lang='lat' dir='ltr'><strong>perpetuus</strong></span> 
     </span>
     <span class='ocr_line' id='line_1_20' title="bbox 243 2754 1360 2858; baseline 0.006 -31"><span class='ocrx_word' id='word_1_139' title='bbox 243 2754 440 2854; x_wconf 88' lang='lat' dir='ltr'><strong>multiplicis</strong></span> <span class='ocrx_word' id='word_1_140' title='bbox 452 2755 636 2829; x_wconf 85' lang='lat' dir='ltr'><strong>vexationis</strong></span> <span class='ocrx_word' id='word_1_141' title='bbox 648 2755 817 2830; x_wconf 88' lang='lat' dir='ltr'><strong>violentae</strong></span> <span class='ocrx_word' id='word_1_142' title='bbox 829 2774 931 2857; x_wconf 90' lang='lat' dir='ltr'><strong>atque</strong></span> <span class='ocrx_word' id='word_1_143' title='bbox 948 2756 1156 2856; x_wconf 77' lang='lat' dir='ltr'><strong>tyrannicae.</strong></span> <span class='ocrx_word' id='word_1_144' title='bbox 1168 2759 1360 2858; x_wconf 84' lang='lat' dir='ltr'><strong>Tyrannica</strong></span> 
     </span>
     <span class='ocr_line' id='line_1_21' title="bbox 242 2869 1359 2974; baseline 0.008 -32"><span class='ocrx_word' id='word_1_145' title='bbox 242 2869 361 2945; x_wconf 87' lang='lat' dir='ltr'><strong>evadet</strong></span> <span class='ocrx_word' id='word_1_146' title='bbox 386 2896 466 2968; x_wconf 90' lang='lat' dir='ltr'><strong>erga</strong></span> <span class='ocrx_word' id='word_1_147' title='bbox 490 2869 667 2944; x_wconf 89' lang='lat' dir='ltr'><strong>ecclesiam</strong></span> <span class='ocrx_word' id='word_1_148' title='bbox 693 2871 836 2970; x_wconf 90' lang='lat' dir='ltr'><strong>eiusque</strong></span> <span class='ocrx_word' id='word_1_149' title='bbox 861 2872 1052 2959; x_wconf 89' lang='lat' dir='ltr'><strong>ministrcs;</strong></span> <span class='ocrx_word' id='word_1_150' title='bbox 1079 2872 1256 2972; x_wconf 88' lang='lat' dir='ltr'><strong>tyrannica</strong></span> <span class='ocrx_word' id='word_1_151' title='bbox 1281 2901 1359 2974; x_wconf 84' lang='lat' dir='ltr'><strong>erga</strong></span> 
     </span>
     <span class='ocr_line' id='line_1_22' title="bbox 241 2986 1358 3090; baseline 0.001 -29"><span class='ocrx_word' id='word_1_152' title='bbox 241 2987 421 3084; x_wconf 87' lang='lat' dir='ltr'><strong>coninges;</strong></span> <span class='ocrx_word' id='word_1_153' title='bbox 450 2986 627 3088; x_wconf 90' lang='lat' dir='ltr'><strong>tyrannica</strong></span> <span class='ocrx_word' id='word_1_154' title='bbox 647 3013 727 3085; x_wconf 87' lang='lat' dir='ltr'><strong>erga</strong></span> <span class='ocrx_word' id='word_1_155' title='bbox 744 2987 889 3087; x_wconf 89' lang='lat' dir='ltr'><strong>prolem;</strong></span> <span class='ocrx_word' id='word_1_156' title='bbox 910 2987 1087 3087; x_wconf 90' lang='lat' dir='ltr'><strong>tyrannica</strong></span> <span class='ocrx_word' id='word_1_157' title='bbox 1108 2988 1258 3090; x_wconf 88' lang='lat' dir='ltr'><strong>denique</strong></span> <span class='ocrx_word' id='word_1_158' title='bbox 1282 2990 1358 3065; x_wconf 90' lang='lat' dir='ltr'><strong>uni-</strong></span> 
     </span>
     <span class='ocr_line' id='line_1_23' title="bbox 240 3104 1356 3205; baseline 0.005 -28"><span class='ocrx_word' id='word_1_159' title='bbox 240 3104 363 3178; x_wconf 90' lang='lat' dir='ltr'><strong>versim</strong></span> <span class='ocrx_word' id='word_1_160' title='bbox 385 3131 466 3202; x_wconf 88' lang='lat' dir='ltr'><strong>erga</strong></span> <span class='ocrx_word' id='word_1_161' title='bbox 490 3104 593 3178; x_wconf 90' lang='lat' dir='ltr'><strong>cives.</strong></span> <span class='ocrx_word' id='word_1_162' title='bbox 616 3105 717 3178; x_wconf 81' lang='lat' dir='ltr'><strong>l&#39;orro</strong></span> <span class='ocrx_word' id='word_1_163' title='bbox 738 3131 836 3179; x_wconf 92' lang='lat' dir='ltr'><strong>nemo</strong></span> <span class='ocrx_word' id='word_1_164' title='bbox 861 3105 1033 3203; x_wconf 80' lang='lat' dir='ltr'><strong>negaverit</strong></span> <span class='ocrx_word' id='word_1_165' title='bbox 1057 3131 1131 3179; x_wconf 91' lang='lat' dir='ltr'><strong>eam</strong></span> <span class='ocrx_word' id='word_1_166' title='bbox 1157 3105 1266 3205; x_wconf 87' lang='lat' dir='ltr'><strong>legem</strong></span> <span class='ocrx_word' id='word_1_167' title='bbox 1291 3133 1356 3183; x_wconf 81' lang='lat' dir='ltr'><strong>me-</strong></span> 
     </span>
     <span class='ocr_line' id='line_1_24' title="bbox 241 3218 1353 3319; baseline 0.006 -30"><span class='ocrx_word' id='word_1_168' title='bbox 241 3219 305 3293; x_wconf 92' lang='lat' dir='ltr'><strong>rito</strong></span> <span class='ocrx_word' id='word_1_169' title='bbox 334 3219 544 3318; x_wconf 83' lang='lat' dir='ltr'><strong>tyrannicam</strong></span> <span class='ocrx_word' id='word_1_170' title='bbox 574 3218 787 3319; x_wconf 90' lang='lat' dir='ltr'><strong>nuncupari,</strong></span> <span class='ocrx_word' id='word_1_171' title='bbox 825 3245 913 3318; x_wconf 87' lang='lat' dir='ltr'><strong>quae</strong></span> <span class='ocrx_word' id='word_1_172' title='bbox 944 3220 1139 3293; x_wconf 86' lang='lat' dir='ltr'><strong>contraius</strong></span> <span class='ocrx_word' id='word_1_173' title='bbox 1165 3219 1353 3310; x_wconf 88' lang='lat' dir='ltr'><strong>statuitur,</strong></span> 
     </span>
     <span class='ocr_line' id='line_1_25' title="bbox 240 3333 1355 3436; baseline 0.006 -31"><span class='ocrx_word' id='word_1_174' title='bbox 240 3359 329 3433; x_wconf 90' lang='lat' dir='ltr'><strong>quae</strong></span> <span class='ocrx_word' id='word_1_175' title='bbox 353 3334 579 3418; x_wconf 86' lang='lat' dir='ltr'><strong>conscientiae</strong></span> <span class='ocrx_word' id='word_1_176' title='bbox 604 3335 679 3409; x_wconf 93' lang='lat' dir='ltr'><strong>iura</strong></span> <span class='ocrx_word' id='word_1_177' title='bbox 708 3333 835 3422; x_wconf 89' lang='lat' dir='ltr'><strong>laedit,</strong></span> <span class='ocrx_word' id='word_1_178' title='bbox 866 3360 1021 3435; x_wconf 87' lang='lat' dir='ltr'><strong>quaeque</strong></span> <span class='ocrx_word' id='word_1_179' title='bbox 1044 3335 1206 3436; x_wconf 87' lang='lat' dir='ltr'><strong>opprimit</strong></span> <span class='ocrx_word' id='word_1_180' title='bbox 1231 3336 1355 3412; x_wconf 88' lang='lat' dir='ltr'><strong>civium</strong></span> 
     </span>
     <span class='ocr_line' id='line_1_26' title="bbox 238 3448 1352 3551; baseline 0.004 -30"><span class='ocrx_word' id='word_1_181' title='bbox 238 3448 438 3522; x_wconf 86' lang='lat' dir='ltr'><strong>libertatem.</strong></span> <span class='ocrx_word' id='word_1_182' title='bbox 467 3450 567 3549; x_wconf 85' lang='lat' dir='ltr'><strong>Atqui</strong></span> <span class='ocrx_word' id='word_1_183' title='bbox 594 3451 693 3524; x_wconf 89' lang='lat' dir='ltr'><strong>talem</strong></span> <span class='ocrx_word' id='word_1_184' title='bbox 718 3451 860 3524; x_wconf 90' lang='lat' dir='ltr'><strong>evadere</strong></span> <span class='ocrx_word' id='word_1_185' title='bbox 883 3451 1016 3548; x_wconf 89' lang='lat' dir='ltr'><strong>legem,</strong></span> <span class='ocrx_word' id='word_1_186' title='bbox 1049 3477 1137 3551; x_wconf 89' lang='lat' dir='ltr'><strong>quae</strong></span> <span class='ocrx_word' id='word_1_187' title='bbox 1162 3453 1352 3527; x_wconf 87' lang='lat' dir='ltr'><strong>sanciretur</strong></span> 
     </span>
     <span class='ocr_line' id='line_1_27' title="bbox 239 3562 1353 3666; baseline 0.004 -30"><span class='ocrx_word' id='word_1_188' title='bbox 239 3563 283 3636; x_wconf 92' lang='lat' dir='ltr'><strong>ad</strong></span> <span class='ocrx_word' id='word_1_189' title='bbox 308 3562 558 3638; x_wconf 88' lang='lat' dir='ltr'><strong>cohonestanda</strong></span> <span class='ocrx_word' id='word_1_190' title='bbox 583 3565 698 3639; x_wconf 89' lang='lat' dir='ltr'><strong>civilia</strong></span> <span class='ocrx_word' id='word_1_191' title='bbox 722 3566 905 3653; x_wconf 88' lang='lat' dir='ltr'><strong>connubia,</strong></span> <span class='ocrx_word' id='word_1_192' title='bbox 927 3567 978 3640; x_wconf 88' lang='lat' dir='ltr'><strong>sic</strong></span> <span class='ocrx_word' id='word_1_193' title='bbox 995 3592 1055 3666; x_wconf 89' lang='lat' dir='ltr'><strong>per</strong></span> <span class='ocrx_word' id='word_1_194' title='bbox 1076 3565 1215 3665; x_wconf 89' lang='lat' dir='ltr'><strong>singula</strong></span> <span class='ocrx_word' id='word_1_195' title='bbox 1239 3593 1353 3643; x_wconf 89' lang='lat' dir='ltr'><strong>recen-</strong></span> 
     </span>
     <span class='ocr_line' id='line_1_28' title="bbox 239 3666 1164 3779; baseline 0.001 -28"><span class='ocrx_word' id='word_1_196' title='bbox 239 3679 305 3753; x_wconf 90' lang='lat' dir='ltr'><strong>sita</strong></span> <span class='ocrx_word' id='word_1_197' title='bbox 329 3679 442 3779; x_wconf 89' lang='lat' dir='ltr'><strong>capita</strong></span> <span class='ocrx_word' id='word_1_198' title='bbox 467 3678 644 3753; x_wconf 89' lang='lat' dir='ltr'><strong>ostendere</strong></span> <span class='ocrx_word' id='word_1_199' title='bbox 668 3680 895 3778; x_wconf 81' lang='lat' dir='ltr'><strong>aggredimur.</strong></span> <span class='ocrx_word' id='word_1_200' title='bbox 1012 3739 1014 3743; x_wconf 93' lang='lat'><strong>.</strong></span> <span class='ocrx_word' id='word_1_201' title='bbox 1161 3666 1164 3683; x_wconf 80' lang='grc'><strong>’</strong></span> 
     </span>
     <span class='ocr_line' id='line_1_29' title="bbox 309 3795 1351 3899; baseline 0.002 -31"><span class='ocrx_word' id='word_1_202' title='bbox 309 3795 490 3896; x_wconf 78' lang='lat' dir='ltr'><strong>deprimo</strong></span> <span class='ocrx_word' id='word_1_203' title='bbox 516 3795 559 3869; x_wconf 88' lang='lat' dir='ltr'><strong>ad</strong></span> <span class='ocrx_word' id='word_1_204' title='bbox 592 3795 768 3871; x_wconf 87' lang='lat' dir='ltr'><strong>ecelesiam</strong></span> <span class='ocrx_word' id='word_1_205' title='bbox 800 3796 891 3896; x_wconf 93' lang='lat' dir='ltr'><strong>quod</strong></span> <span class='ocrx_word' id='word_1_206' title='bbox 923 3798 1043 3871; x_wconf 89' lang='lat' dir='ltr'><strong>attinet</strong></span> <span class='ocrx_word' id='word_1_207' title='bbox 1072 3798 1218 3899; x_wconf 92' lang='lat' dir='ltr'><strong>eiusque</strong></span> <span class='ocrx_word' id='word_1_208' title='bbox 1250 3799 1351 3873; x_wconf 92' lang='lat' dir='ltr'><strong>mini·</strong></span> 
     </span>
     <span class='ocr_line' id='line_1_30' title="bbox 237 3912 1348 4014; baseline 0.004 -29"><span class='ocrx_word' id='word_1_209' title='bbox 237 3926 343 3998; x_wconf 82' lang='lat' dir='ltr'><strong>atros,</strong></span> <span class='ocrx_word' id='word_1_210' title='bbox 369 3912 404 3983; x_wconf 91' lang='lat' dir='ltr'><strong>in</strong></span> <span class='ocrx_word' id='word_1_211' title='bbox 431 3926 546 4010; x_wconf 88' lang='lat' dir='ltr'><strong>aperto</strong></span> <span class='ocrx_word' id='word_1_212' title='bbox 564 3939 617 3986; x_wconf 88' lang='lat' dir='ltr'><strong>res</strong></span> <span class='ocrx_word' id='word_1_213' title='bbox 634 3930 697 3986; x_wconf 89' lang='lat' dir='ltr'><strong>est.</strong></span> <span class='ocrx_word' id='word_1_214' title='bbox 719 3913 851 3986; x_wconf 84' lang='lat' dir='ltr'><strong>Etenim</strong></span> <span class='ocrx_word' id='word_1_215' title='bbox 873 3913 926 3986; x_wconf 84' lang='lat' dir='ltr'><strong>lex</strong></span> <span class='ocrx_word' id='word_1_216' title='bbox 953 3913 1120 3988; x_wconf 92' lang='lat' dir='ltr'><strong>eiusmodi</strong></span> <span class='ocrx_word' id='word_1_217' title='bbox 1140 3912 1272 3988; x_wconf 86' lang='lat' dir='ltr'><strong>directa</strong></span> <span class='ocrx_word' id='word_1_218' title='bbox 1288 3941 1348 4014; x_wconf 90' lang='lat' dir='ltr'><strong>pu·</strong></span> 
     </span>
     <span class='ocr_line' id='line_1_31' title="bbox 236 4027 1348 4129; baseline 0 -29"><span class='ocrx_word' id='word_1_219' title='bbox 236 4045 315 4125; x_wconf 88' lang='lat' dir='ltr'><strong>goat</strong></span> <span class='ocrx_word' id='word_1_220' title='bbox 340 4055 417 4102; x_wconf 92' lang='lat' dir='ltr'><strong>cnm</strong></span> <span class='ocrx_word' id='word_1_221' title='bbox 438 4028 602 4101; x_wconf 85' lang='lat' dir='ltr'><strong>ecclesiae</strong></span> <span class='ocrx_word' id='word_1_222' title='bbox 626 4027 812 4103; x_wconf 86' lang='lat' dir='ltr'><strong>catholicae</strong></span> <span class='ocrx_word' id='word_1_223' title='bbox 832 4029 1002 4117; x_wconf 90' lang='lat' dir='ltr'><strong>doctrina,</strong></span> <span class='ocrx_word' id='word_1_224' title='bbox 1027 4055 1133 4129; x_wconf 89' lang='lat' dir='ltr'><strong>quum</strong></span> <span class='ocrx_word' id='word_1_225' title='bbox 1155 4029 1289 4105; x_wconf 89' lang='lat' dir='ltr'><strong>validas</strong></span> <span class='ocrx_word' id='word_1_226' title='bbox 1308 4029 1348 4101; x_wconf 90' lang='lat' dir='ltr'><strong>il-</strong></span> 
     </span>
     <span class='ocr_line' id='line_1_32' title="bbox 236 4131 1344 4245; baseline 0.006 -31"><span class='ocrx_word' id='word_1_227' title='bbox 236 4144 287 4218; x_wconf 91' lang='lat' dir='ltr'><strong>las</strong></span> <span class='ocrx_word' id='word_1_228' title='bbox 305 4159 428 4219; x_wconf 90' lang='lat' dir='ltr'><strong>statuat</strong></span> <span class='ocrx_word' id='word_1_229' title='bbox 445 4144 602 4243; x_wconf 87' lang='lat' dir='ltr'><strong>nuptias,</strong></span> <span class='ocrx_word' id='word_1_230' title='bbox 624 4170 710 4243; x_wconf 86' lang='lat' dir='ltr'><strong>quas</strong></span> <span class='ocrx_word' id='word_1_231' title='bbox 729 4143 848 4242; x_wconf 88' lang='lat' dir='ltr'><strong>religio</strong></span> <span class='ocrx_word' id='word_1_232' title='bbox 870 4131 1042 4245; x_wconf 87' lang='lat' dir='ltr'><strong>tamquam</strong></span> <span class='ocrx_word' id='word_1_233' title='bbox 1060 4144 1191 4234; x_wconf 86' lang='lat' dir='ltr'><strong>irritas,</strong></span> <span class='ocrx_word' id='word_1_234' title='bbox 1218 4144 1344 4230; x_wconf 83' lang='lat' dir='ltr'><strong>nullas,</strong></span> 
     </span>
     <span class='ocr_line' id='line_1_33' title="bbox 235 4260 1346 4362; baseline 0.003 -31"><span class='ocrx_word' id='word_1_235' title='bbox 235 4284 275 4333; x_wconf 88' lang='lat' dir='ltr'><strong>ae</strong></span> <span class='ocrx_word' id='word_1_236' title='bbox 301 4261 498 4335; x_wconf 81' lang='lat' dir='ltr'><strong>fornicarias</strong></span> <span class='ocrx_word' id='word_1_237' title='bbox 526 4260 667 4360; x_wconf 87' lang='lat' dir='ltr'><strong>repellit.</strong></span> <span class='ocrx_word' id='word_1_238' title='bbox 689 4262 775 4334; x_wconf 90' lang='lat' dir='ltr'><strong>Dum</strong></span> <span class='ocrx_word' id='word_1_239' title='bbox 794 4261 935 4360; x_wconf 84' lang='lat' dir='ltr'><strong>proinde</strong></span> <span class='ocrx_word' id='word_1_240' title='bbox 953 4261 1103 4362; x_wconf 89' lang='lat' dir='ltr'><strong>perditae</strong></span> <span class='ocrx_word' id='word_1_241' title='bbox 1122 4261 1346 4339; x_wconf 88' lang='lat' dir='ltr'><strong>conscientiae</strong></span> 
     </span>
    </p>
   </div>
   <div class='ocr_carea' id='block_1_7' title="bbox 0 0 1440 5062">
    <p class='ocr_par' dir='ltr' id='par_1_7' title="bbox 0 0 1440 5062">
     <span class='ocr_line' id='line_1_34' title="bbox 0 0 1440 5062; baseline 0 6"><span class='ocrx_word' id='word_1_242' title='bbox 0 0 1440 5062; x_wconf 95' lang='lat' dir='ltr'><strong> </strong></span> 
     </span>
    </p>
   </div>
  </div>
 </body>
</html>
