2872 5062
222 341 291 412 226
414 364 475 412 nn.
496 365 519 412 r.
542 363 627 412 sacr.
649 361 778 411 aarum.
802 363 842 410 nn
863 361 998 412 saram.
1020 362 1125 411 orvrnr.

293 480 391 552 Esto:
412 479 532 552 Verum
544 478 609 551 hac
624 479 657 549 in
673 477 873 577 hypothesi,
888 478 980 577 quod
993 478 1109 552 civiles
1127 480 1337 554 coniunctio-

221 622 279 670 nes
304 621 382 669 vera
407 593 562 691 coniugia
588 595 675 682 sint,
705 594 780 666 licet
805 619 871 668 non
898 610 1130 681 sacramenta,
1161 620 1239 667 oum
1264 595 1334 669 dis·

220 708 378 783 solubilia
396 725 515 781 natura
533 735 595 782 sua
612 708 681 781 sint
697 708 863 781 eiusmodi
881 709 1053 806 coniugia,
1080 734 1120 781 ac
1146 712 1338 785 necessario

220 825 337 899 nonin
356 825 475 924 paucis
498 824 633 898 casibus
652 851 769 899 ansam
788 824 970 922 praebeant
989 825 1160 913 divortiis,
1180 842 1219 899 ut
1235 853 1339 926 supe-

221 941 307 1015 riore
320 940 461 1014 articulo
473 940 694 1025 ostendimus,
711 939 808 1012 laoile
821 939 896 1025 liet,
912 955 949 1012 ut
968 940 1053 1024 viri,
1074 940 1206 1013 vivente
1225 941 1341 1016 adhuc

219 1057 323 1156 priori
348 1083 450 1157 quam
477 1056 640 1129 duxerant
665 1081 792 1142 uxore,
827 1055 1032 1142 secundam,
1068 1054 1199 1129 tertiam
1225 1082 1266 1129 ae
1291 1058 1340 1131 ita

221 1197 325 1270 porro
338 1171 614 1270 superinducant.
632 1172 671 1242 ln
689 1197 758 1270 quo
775 1170 987 1270 polygamiae
1013 1171 1107 1244 iuxta
1132 1171 1340 1247 christianae

220 1282 393 1385 religionis
419 1285 603 1362 doctrinam
630 1287 801 1386 turpitudo
819 1287 991 1375 consistit,
1012 1287 1103 1387 quod
1121 1286 1251 1362 scilicet
1268 1288 1337 1363 alia

218 1403 271 1476 vel
288 1403 376 1476 aliae
392 1403 557 1476 ducantur
581 1404 754 1501 coniuges,
783 1404 886 1503 priori
913 1403 1025 1476 adhuc
1051 1405 1244 1503 superstite.

294 1521 361 1592 Nec
387 1535 457 1606 est,
479 1519 570 1618 quod
596 1519 766 1618 quispiam
792 1519 947 1606 obiiciat,
969 1520 1145 1617 supposito
1170 1520 1335 1619 repudio,

218 1634 450 1734 dissolutoque
481 1650 658 1734 propterea
690 1635 800 1733 quoad
828 1633 998 1707 vinculum
1024 1635 1126 1733 priori
1153 1635 1333 1733 coniugio,

218 1776 283 1823 non
308 1750 454 1848 amplius
476 1749 601 1823 habere
623 1749 731 1823 locum
757 1750 1003 1848 polygamiam,
1025 1750 1086 1823 sed
1103 1776 1179 1824 esse
1196 1751 1336 1826 totidem

215 1889 336 1938 uxores
350 1865 561 1940 successivas
574 1881 674 1964 prout
685 1866 719 1937 in
732 1865 900 1972 uiduitate·
906 1865 1081 1963 contingit.
1094 1866 1185 1939 llaec
1198 1866 1336 1966 quidem
1413 1899 1416 1904 ·

217 1979 360 2079 pulchra
382 1998 461 2054 sunt
477 1981 598 2055 verba:
620 1998 654 2056 at
671 1979 796 2081 primo,
827 1981 912 2055 haec
941 1983 1017 2080 ipsa
1043 1981 1165 2055 solutio
1186 1982 1337 2081 coniugii

175 2088 177 2092 '
218 2094 304 2169 inter
325 2095 529 2171 christianos
545 2122 600 2170 res
614 2112 683 2184 est,
701 2123 790 2195 quae
810 2094 1099 2170 indissolubilitati
1113 2095 1162 2166 illi
1176 2095 1337 2170 adversa·

218 2225 283 2299 tur,
300 2237 388 2310 quae
400 2236 466 2285 non
480 2236 577 2286 secus
592 2238 631 2287 ao
643 2213 769 2300 unitas,
782 2212 958 2286 christiani
971 2227 1022 2284 est
1034 2210 1239 2285 matrimonii
1258 2238 1337 2311 pro·

216 2326 361 2424 pristas,
385 2327 539 2427 adeoque
551 2328 599 2402 ita
613 2329 834 2415 disserentes,
861 2328 941 2400 dum
961 2353 1066 2399 unum
1089 2342 1197 2400 vitant
1214 2353 1338 2426 scopu-

215 2439 298 2528 lum,
315 2441 492 2516 stultorum
506 2469 598 2539 more
611 2445 646 2515 in
659 2435 764 2517 alium
779 2444 971 2530 incurrunt;
984 2442 1135 2530 deinde,
1155 2443 1336 2542 supposita

215 2556 314 2630 etiam
336 2583 397 2655 per
413 2557 521 2655 legale
541 2559 721 2634 divortium
744 2555 910 2634 solutione
928 2560 1051 2657 prioris
1070 2558 1236 2655 coniugii,
1258 2582 1335 2632 sue

214 2671 366 2745 cessivae
383 2673 521 2771 nuptiae
538 2674 592 2745 sin
611 2674 722 2747 minus
742 2673 912 2762 formalis,
934 2675 1052 2747 saltem
1070 2672 1256 2761 materialis
1274 2700 1334 2748 ou·
1392 2763 1395 2770 ¹

215 2787 349 2859 iusdam
372 2803 405 2859 et
426 2786 544 2885 legalis
566 2789 783 2888 polygamiae
809 2784 954 2889 speciem
981 2790 1164 2875 haberent,
1187 2786 1221 2863 et
1238 2789 1336 2890 poly-

214 2902 345 2998 gamiae
369 2902 592 2990 scandalum,
620 2902 698 2976 licet
723 2905 869 3003 quodam
888 2904 962 2978 velo
979 2919 1182 2992 contectum,
1207 2904 1335 3004 populo
1378 2986 1381 2990 ⁴

212 3015 419 3090 exhiberent.
443 3017 575 3103 Etenim
601 3016 630 3088 si
655 3017 849 3115 coniugium
875 3018 974 3092 civile
999 3019 1091 3092 iuxta
1116 3017 1330 3094 adversarios

212 3126 327 3204 verum
354 3146 406 3206 est
428 3130 654 3230 coniugium,
675 3131 842 3233 quidquid
868 3132 988 3230 legulei
1008 3133 1050 3206 da
1067 3131 1168 3230 legali
1186 3130 1334 3207 divortio

213 3245 346 3334 dicant,
376 3246 582 3321 christianus
606 3246 755 3349 populus
781 3250 815 3320 in
842 3275 882 3322 ea
898 3245 1072 3322 ¹sententia
1096 3247 1327 3348 permanebit,

211 3355 298 3446 inter
320 3363 524 3439 christianos
549 3363 760 3463 coniugium,
790 3366 820 3437 si
845 3389 960 3439 verum
986 3381 1056 3451 est,
1086 3389 1136 3438 eo¹
1152 3361 1230 3463 ipso
1256 3389 1333 3439 esse

212 3474 473 3567 indissolubile,
496 3471 558 3554 seu
589 3506 655 3561 non
682 3480 767 3555 solvi
794 3480 860 3553 nisi
885 3504 947 3578 per
971 3478 1125 3575 coniugis
1146 3474 1325 3552 mortem:

211 3582 370 3695 quocirca
387 3595 480 3683 dum,
501 3596 637 3668 vivente·
659 3596 762 3695 priori
788 3597 943 3692 coniuge,
965 3594 1069 3668 altera
1093 3593 1256 3682 ducitur,
1270 3620 1331 3692 po

211 3700 379 3809 lygamiae
404 3710 531 3784 crimen
556 3710 677 3785 adesso
693 3710 773 3784 licet
788 3707 888 3809 legali
916 3706 1035 3782 umbra
1058 3723 1260 3783 contectum.
1278 3707 1330 3780 Ad

211 3824 399 3914 hominem,
431 3842 468 3900 ut
493 3825 662 3912 diximus,
685 3828 879 3925 arguimus:
902 3827 931 3900 si
950 3822 1143 3923 coniugium
1161 3823 1261 3897 civile
1279 3840 1332 3898 est

208 3932 378 4030 ualidum,
397 3933 493 4030 dum,
514 3941 647 4017 vivente
672 3936 784 4043 priore
809 3942 970 4040 coniuge,
991 3957 1114 4016 novum
1132 3939 1239 4013 initur
1254 3938 1332 4014 con-

209 4055 357 4154 iugium,
385 4048 569 4132 materialis
595 4059 693 4133 adest
712 4050 916 4159 polygamia.
932 4061 1072 4132 Revera
1095 4057 1139 4130 iis
1165 4056 1201 4127 in
1228 4054 1326 4141 locis',

209 4172 243 4243 in
261 4172 385 4271 quibus
412 4174 581 4256 decretum
608 4165 825 4249 tridentinum
843 4168 910 4247 non
928 4191 980 4258 est
997 4173 1226 4274 publicatum,
1245 4195 1332 4245 'eon-

208 4286 335 4383 iugium
361 4287 458 4363 civile
483 4315 549 4363 noo
577 4289 684 4363 solum
702 4316 742 4362 ex
761 4282 1048 4376 adversariorum,
1064 4288 1133 4362 ssd
1145 4310 1196 4360 es
1210 4283 1331 4386 ipsius*
