2872 5062
243 339 311 411 stt
435 361 800 411 sinisteriorem.
824 361 863 409 on
881 359 1011 411 nornis.
1035 358 1141 408 civim.
1190 412 1192 416 ,

242 477 504 578 protestantismi
518 475 680 550 doctrina.
694 479 771 549 Dixi
785 479 977 575 simpliciter
988 477 1101 560 civile,
1118 475 1201 574 quia
1214 476 1345 550 etiamsi

240 591 369 690 passim
391 605 612 689 protestantes
628 594 821 689 coniugium
847 618 945 664 suum
972 590 1160 677 celebrent,
1180 606 1217 662 nt
1234 592 1349 664 innui-

240 733 333 793 mus,
361 732 473 780 coram
499 708 572 780 suis
604 708 767 781 ministris
795 709 860 780 ritu
892 707 1049 803 religioso
1075 732 1150 778 cnm
1176 707 1349 779 consuetis

240 821 397 920 precibus
410 838 443 894 et
455 822 735 909 ominationibus,
757 823 812 895 hic
828 837 939 893 tamen
958 820 1136 917 religiosus
1154 820 1239 892 ritus
1257 819 1350 892 haud

240 935 392 1017 immutat
421 953 574 1009 naturam
605 937 714 1035 ipsius
744 936 972 1021 matrimonii,
1003 950 1101 1033 pmnt
1126 935 1217 1033 apud
1244 950 1352 1034 prote·

241 1066 367 1125 stantes
395 1069 564 1152 receptum
587 1069 649 1125 est.
679 1053 713 1123 Si
739 1054 828 1125 enim
846 1080 886 1126 ex
904 1078 1018 1125 corum
1043 1051 1195 1124 doctrina
1212 1051 1352 1148 nuptiae

241 1193 307 1240 non
335 1183 413 1240 sunt
437 1168 503 1241 nisi
528 1183 717 1242 contractus
746 1168 926 1255 naturalis,
957 1183 1014 1239 aut
1039 1166 1147 1240 civilis
1166 1167 1281 1239 nativa
1297 1192 1352 1239 es-

241 1283 349 1356 sentia
367 1309 445 1370 sua,
462 1285 546 1356 ritus
565 1285 621 1356 ille
640 1311 749 1372 sacer,
765 1310 833 1383 quo
845 1282 1100 1357 celebrationem
1117 1282 1267 1379 coniugii
1285 1282 1352 1380 ipsi

240 1398 466 1487 circumdant,
495 1427 586 1473 mere
610 1417 746 1474 externa
770 1401 958 1472 ceremonia
975 1414 1048 1485 est,
1069 1425 1157 1497 quae
1177 1397 1264 1469 nihil
1282 1423 1352 1470 mu·

241 1529 288 1588 tat
313 1514 347 1585 in
379 1515 452 1588 eius
485 1530 628 1602 natura,
664 1516 741 1588 novi
776 1516 964 1614 quidquam
991 1541 1052 1587 nec
1077 1514 1191 1600 addit,
1221 1514 1282 1588 sed
1315 1514 1349 1584 in

240 1656 302 1702 sua
327 1629 517 1703 conditione
543 1631 715 1731 relinquit.
744 1632 909 1703 Nimirum
928 1632 1065 1704 adeum
1089 1630 1228 1702 modum
1253 1655 1352 1702 usur-

241 1761 401 1843 pentura
419 1746 681 1844 protestantibus
700 1747 785 1819 istae
801 1746 1010 1820 ceremoniae
1034 1744 1202 1845 nuptiales
1221 1768 1348 1829 sacrae,

241 1885 309 1959 quo
334 1861 607 1961 usurpabantur‚
636 1877 673 1934 ut
704 1863 872 1949 vidimus,
901 1861 943 1934 ab
968 1862 1055 1960 ipsis
1080 1859 1251 1946 ethnicis,
1279 1860 1352 1932 sive

240 2000 281 2047 ex
305 1976 450 2076 quodam
477 1978 626 2050 interiori
645 1994 784 2058 naturae
803 2004 926 2064 sensu,
948 1979 1019 2050 sive
1037 1976 1136 2050 etiam
1155 2002 1194 2047 ex
1212 1976 1351 2074 antiqua

240 2091 418 2163 traditione
435 2092 476 2163 de
494 2092 610 2165 divina
635 2094 790 2190 originali
816 2093 1019 2166 matrimonii
1047 2091 1271 2164 institutione.
1292 2092 1351 2163 lsti

239 2223 350 2280 eutem
380 2208 467 2281 sacri
499 2208 655 2306 paganici
691 2210 775 2283 ritus
809 2236 875 2282 non
910 2206 1139 2307 impediebant
1169 2207 1350 2306 quominus

240 2323 284 2395 ah
307 2323 450 2398 ethnicis
475 2324 679 2398 haberentur
705 2327 864 2425 nuptiae,
885 2340 982 2425 prout
999 2324 1112 2421 reipsa
1137 2337 1252 2408 erant,
1274 2347 1353 2394 con-

239 2453 363 2512 tractus
390 2441 552 2513 naturalis
570 2468 610 2514 ac
626 2441 758 2528 civilis,
787 2442 850 2514 etsi
878 2442 952 2514 sine
977 2438 1128 2512 lormulis
1154 2437 1235 2510 ullis
1262 2437 1352 2534 lega-

239 2550 327 2630 libus
352 2579 413 2626 nec
437 2580 548 2626 coram
574 2556 1029 2653 magistratibusinirentur.

312 2667 602 2752 Quemadmodum
635 2697 714 2744 vero
752 2672 871 2744 harum
906 2670 1170 2744 ceremoniarum
1201 2669 1349 2743 delectus

239 2781 368 2854 nullum
394 2785 631 2872 intrinsecum,
660 2788 842 2860 autetiam
868 2789 1090 2860 extrinsecum
1116 2799 1350 2858 nocumentum

239 2897 400 2972 afferebat
416 2900 583 2998 coniugali
602 2902 728 2974 loederi
747 2903 837 3001 apud
856 2929 1023 3001 paganoS,
1037 2927 1140 3002 penes
1153 2926 1240 3000 quos
1260 2898 1348 2973 haud

239 3014 314 3088 raro
339 3013 548 3090 clandestina
575 3018 786 3092 matrimonia
811 3019 1094 3093 contrahebantur
1121 3017 1279 3112 (nessia
1296 3041 1350 3115 pa

239 3129 318 3202 riter
342 3132 491 3206 delectus
517 3133 689 3208 exterioris
715 3137 802 3208 sacri
830 3151 1011 3236 apparatus
1031 3135 1065 3205 in
1084 3133 1253 3230 coniugiis
1276 3156 1349 3232 pro·

241 3247 435 3320 testantium
449 3249 535 3322 nihil
549 3250 654 3324 officit
665 3253 858 3326 eorumdem
871 3252 976 3325 valori
995 3249 1240 3346 coniugiorum.
1254 3245 1348 3334 Quod

238 3361 268 3432 si
295 3361 362 3435 illis
388 3363 521 3438 obstare
545 3368 731 3465 contingat,
761 3394 828 3440 non
850 3367 886 3437 id
912 3365 1128 3465 repetendum
1148 3379 1200 3436 est
1217 3390 1260 3437 ex
1277 3362 1349 3435 ille

238 3501 311 3547 rum
326 3476 449 3550 rituum
462 3479 611 3570 delectu,
633 3483 692 3556 sed
710 3510 750 3556 ex
767 3483 851 3580 legis
870 3481 979 3555 civilis
997 3480 1242 3579 dispositione,
1261 3503 1348 3578 quae

239 3590 325 3663 inter
348 3608 476 3668 ceteras
501 3599 709 3673 conditiones
735 3600 916 3698 requisitas
934 3598 977 3670 ad
996 3596 1238 3669 admissionem
1264 3594 1349 3690 lega·

238 3704 304 3780 lem
322 3735 361 3782 ac
382 3708 551 3808 politicam
576 3714 769 3812 nuptiarum
790 3731 823 3788 et
845 3715 932 3787 hanc
957 3700 1080 3810 exigit,
1100 3728 1138 3784 ut
1156 3736 1270 3785 coram
1287 3709 1348 3780 mi-

239 3823 364 3913 nistro,
380 3841 438 3899 aut
450 3828 665 3924 magistratu,
682 3847 740 3902 aut
752 3856 863 3902 eoram
876 3845 1019 3928 utroque
1031 3826 1243 3900 celebrentur
1257 3827 1344 3920 (26).

309 4005 360 4070 (ts)
376 4007 415 4058 cl.
428 4008 570 4059 cniaminm
582 4009 761 4061 normaton.
773 4013 800 4061 et
813 4010 987 4062 emendation.
1000 4009 1045 4060 lib.
1053 4011 1095 4059 vl.
1104 4021 1127 4058 c.
1135 4010 1191 4058 XX.
1204 4006 1346 4058 ctondmt·

239 4097 290 4136 aaa
303 4088 422 4150 nupttoe.
437 4087 496 4137 edit.
510 4087 551 4138 cit.
563 4089 624 4138 tom.
636 4092 666 4139 ΙΙ.
678 4102 734 4153 pag.
749 4097 801 4140 155.
1167 4102 1170 4107 ⁴

312 4165 362 4230 (tt)
378 4167 415 4217 ld
432 4180 471 4218 an.
486 4180 565 4232 usqne
579 4173 647 4220 1887.
660 4170 687 4220 in
698 4171 785 4234 Anglia
795 4171 874 4234 riguit
884 4171 942 4228 lex,
958 4182 1008 4234 qua
1024 4180 1109 4219 omnes
1121 4167 1294 4232 obligabantur
1309 4163 1346 4213 rel

239 4257 323 4296 coram
339 4247 451 4299 mmistro
465 4248 606 4312 anglicano,
617 4261 661 4301 seu
680 4250 803 4302 scelestos
821 4253 922 4311 status,
937 4252 976 4301 vel
989 4262 1074 4300 coram
1088 4249 1217 4300 mercen
1229 4246 1350 4298 camellos

238 4325 349 4390 coniugia
366 4327 495 4379 celebrare.
512 4329 575 4379 cnm
591 4343 649 4380 vero
662 4330 828 4394 dissidentes,
849 4345 911 4394 qnos
924 4333 1028 4392 vocant,
1046 4332 1072 4380 id
1083 4332 1120 4382 est
1130 4329 1293 4394 protestantes
1308 4338 1349 4375 cu·
