2872 5062
246 378 315 429 CAP.
337 381 359 428 1.
381 379 451 429 ΛΒΤ.
473 381 496 428 1.
517 379 556 429 ltu
573 379 724 429 Vhblfflb
741 378 873 428 Shchffl.
891 380 931 428 EX
948 379 1035 429 acet.
1053 381 1163 430 DOCTR.
1243 364 1262 429 9
1293 369 1296 375 ’

158 501 284 596 iugium
304 497 395 597 quod
418 495 733 593 secundumlegem·
748 495 965 569 christianam
987 498 1261 571 contrahitur.';...
1318 523 1323 544 ⁸
1362 558 1363 562 ,

157 639 236 710 opos
261 625 410 683 sonetum
437 610 642 708 scripturae
655 608 858 708 appellant::
876 622 1027 682 sanctum
1057 637 1179 711 nempe
1201 617 1266 687 ’ast

157 725 350 822 coniugium
376 749 436 823 per
459 724 596 827 omnia,
611 739 644 796 et
663 722 904 797 immaculatus
917 725 1263 822 ‘coniugumthorusz

158 864 264 938 quum
290 838 500 938 potissimum
522 865 542 910 a
561 838 595 910 b.
620 836 722 910 Paulo
747 836 895 936 idipsum
921 863 998 913 esse
1023 840 1268 914 sacramentum

160 952 317 1033 statuitur
340 977 471 1037 eorum,
496 979 584 1051 quae
600 979 704 1051 supra
726 952 887 1046 mundum
913 954 1075 1027 eminent:
1094 955 1151 1026 hoo
1168 958 1265 1040 arim,

158 1067 283 1167 inquit,
303 1083 543 1140 sacromentum
561 1083 798 1166 magnum-oct:
817 1095 881 1165 opo·
899 1069 1095 1142 outcm'dioo
1116 1072 1151 1141 in
1172 1071 1269 1142 Chri-

156 1197 206 1255 sto
223 1197 320 1280 atque
339 1185 444 1279 ipsius
461 1183 595 1255 ecclesio
615 1185 703 1278 (22)ss
724 1214 742 1252 n
762 1183 921 1257 Eiusdem
944 1186 1142 1259 sacramenti
1163 1186 1265 1273 ritus,

159 1323 225 1372 noa
251 1323 349 1372 secus
375 1324 415 1372 ac
438 1298 619 1398 baptismi,
647 1299 870 1373 eucharistiae
883 1299 1128 1399 ,aliorumque
1156 1308 1268 1374 saera
1363 1290 1369 1303 ’

158 1427 345 1488 mentorum
371 1428 460 1486 estat
484 1414 517 1484 in
544 1413 656 1518 rituali
674 1413 930 1501 chaldaeorum,
951 1429 1052 1515 atque
1077 1415 1124 1488 ita
1148 1414 1269 1488 iuscri-

158 1525 265 1600 bitur:
295 1526 371 1600 ordo
397 1527 652 1626 desponsationis
658 1545 755 1614 ;·tum
768 1529 1052 1612 ineocontinetur
1077 1528 1271 1627 ordo-spon»

157 1643 304 1727 solium,-
335 1641 413 1714 ordo
444 1642 681 1717 benedictionis
701 1647 827 1745 sponsi
841 1659 877 1716 et.
900 1670 1058 1742 sponsos,
1094 1643 1268 1717 benedictio

157 1759 312 1842 cestium,
332 1759 495 1830 coronatio
516 1759 688 1856 ooninqnm
708 1758 931 1835 etbertediotio
953 1759 1091 1831 thalami
1113 1760 1267 1856 (23)..1n

157 1895 258 1969 quem
277 1871 377 1944 ritum
397 1871 848 1947 commentarios-ediderunt
870 1872 1031 1970 Georgius
1052 1872 1266 1958 Arbelensis‚

157 1984 402 2061 et-Timotheus'
420 1986 467 2059 11.
486 1985 695 2086 patriarcba,
715 1986 775 2086 qui
792 2002 965 2085 praeterea
981 1987 1117 2062 adnotat
1133 1986 1272 2060 adcon·

159 2098 508 2198 iungendos-sponsos
527 2100 561 2173 in
578 2100 827 2173 matrimonium
843 2102 969 2200 requiri
988 2117 1024 2174 ut
1042 2100 1154 2175 adsint
1169 2126 1273 2172 socer·

159 2212 234 2296 dos,
259 2204 369 2298 cruor,
382 2215 474 2288 colio
494 2217 569 2298 oioo
595 2231 625 2288 et
649 2242 737 2313 aquo
758 2217 898 2298 mistos,
915 2216 1113 2312 pulvereque
1131 2212 1271 2310 quodam

160 2353 315 2426 aspersam
334 2332 524 2403 etiannulos
549 2332 637 2425 (24).
667 2329 732 2402 Sed
753 2346 790 2402 nt
809 2329 985 2401 redeamus
1006 2329 1049 2401 ad
1069 2327 1271 2400 Ebediesum

158 2442 360 2532 Sobensem,
382 2470 458 2518 cum
481 2444 567 2518 inter
591 2443 824 2519 nonnullorum
852 2444 1117 2518 nestorianorum
1142 2468 1270 2516 errores

160 2558 249 2632 cirea
267 2577 475 2633 sacramenta
492 2587 549 2634 eos
568 2560 808 2646 recensuisset,
828 2560 886 2658 qui
907 2584 966 2658 pro
992 2558 1201 2633 matrimonio
1218 2557 1271 2631 in-

160 2690 209 2746 ter
237 2691 366 2773 septem
398 2691 606 2747 sacramenta
639 2674 806 2773 ponebant
836 2677 966 2772 sipoom
995 2675 1099 2746 oracio
1130 2672 1267 2746 subdit:

162 2789 265 2874 «Qui
284 2816 363 2863 vero
383 2791 573 2888 sementum
587 2815 648 2887 pro
669 2806 875 2862 sacramento
896 2816 962 2864 non
983 2803 1181 2886 agnoscunt,
1201 2814 1273 2861 ma·
1351 2843 1354 2848 -

163 2903 352 2976 trimonium
378 2905 469 2976 iuxta
493 2903 599 3001 legem
621 2903 746 2976 Christi
769 2903 888 2977 initum
907 2930 968 3002 pro
992 2903 1135 3002 septimo
1161 2929 1273 2976 sacra-

162 3033 274 3090 mento
297 3035 505 3092 enumerant.
528 3077 534 3089 .
557 3019 647 3090 ..Si
673 3017 750 3117 quis
783 3033 893 3091 autam
919 3045 958 3090 ex
984 3019 1130 3092 externis
1155 3017 1272 3090 scisci·

163 3147 266 3218 tetur,
288 3157 355 3231 quo
377 3150 473 3231 pacto
492 3132 626 3230 singula
645 3133 814 3232 praedicta
834 3149 1042 3205 sacramenta
1065 3131 1273 3204 sanctitatem

163 3264 196 3320 et
221 3248 421 3321 sacramenti
447 3248 608 3321 rationem
634 3247 824 3333 obtineant,
856 3247 1112 3344 respondemus;
1142 3246 1205 3318 tria
1230 3246 1273 3320 ad

164 3361 405 3436 confectionem
436 3362 615 3436 cuiuslibet
646 3362 844 3435 sacramenti
875 3387 1094 3434 concurrere:
1128 3361 1273 3459 primum

166 3474 302 3575 quidem
320 3494 372 3551 est
388 3477 459 3577 ipse
478 3477 634 3551 sacerdos
651 3502 762 3550 verus.
785 3536 790 3546 .
812 3537 818 3547 .
840 3536 846 3548 .
868 3473 1016 3549 Alterum
1033 3501 1112 3549 vero
1133 3492 1185 3548 est
1200 3502 1274 3549 ver-

164 3589 244 3663 bum
266 3607 300 3663 et
323 3610 536 3692 praeceptum
557 3594 690 3666 Domini
712 3610 1009 3688 sacramentorum,
1032 3591 1122 3692 quod
1141 3591 1184 3664 da
1204 3596 1274 3665 sin·

167 3704 255 3800 gulis
281 3707 498 3780 sacramentis
525 3706 709 3780 mandavit:
736 3707 867 3780 tertium
890 3705 1276 3796 conscientiaeminime

167 3815 371 3893 haesitantes
389 3820 660 3920 suscipientium,
676 3818 885 3895 etiortibde
901 3812 1091 3907 roboratae;
1103 3847 1169 3919 pro
1185 3835 1276 3892 certo

238 4096 289 4159 (22)
302 4097 404 4148 Dissert.
417 4099 460 4148 cit.
472 4112 527 4162 pag.
540 4100 689 4150 cccxvtu.
703 4099 749 4150 llic
765 4097 883 4149 ubeffism
901 4097 974 4148 nreoi
990 4097 1054 4147 fitius
1068 4096 1099 4146 ab
1110 4109 1174 4144 anno
1184 4095 1275 4145 Christi

172 4179 226 4226 1⁰74
238 4176 269 4226 ad
282 4183 351 4227 1090.
364 4177 446 4228 sedern
454 4179 640 4242 patriarchaiem
650 4181 737 4230 tenuit.
748 4179 786 4228 Cf.
797 4179 860 4228 thid.
873 4191 928 4242 pag.
941 4179 1068 4226 chxlt’.

239 4255 291 4318 (²³)
306 4257 346 4306 ct.
357 4255 460 4308 Ibidem.
1076 4263 1080 4268 ’

243 4334 294 4399 (24)
310 4334 374 4384 thid.
