2872 5062
266 353 724 405 srr.r.rsr.1r.mrsnrrsra
742 353 1176 407 smmumnocrasscaor.
1237 334 1283 408 ii

164 501 227 548 nra
259 473 435 548 tractanda
459 474 625 548 invectam
657 472 875 560 methodum,
904 500 965 547 seu
990 475 1104 573 potius
1138 476 1288 576 philam

166 590 299 690 phandi
324 591 499 664 munnam.
533 589 641 690 ldqae
668 605 738 663 tam
768 589 858 663 circa
888 598 1137 666 sacramentum
1170 592 1284 692 ipsum

164 707 333 805 coniugii,
360 724 433 780 tum
456 708 672 807 potissimum
689 707 779 782 circa
796 711 955 781 naturam
973 708 1102 806 gratiae
1116 735 1206 808 quae
1222 736 1284 810 per
1298 729 1302 735 ’

165 824 234 899 hoc
258 839 505 897 scemmentum
529 823 712 897 confertur.

239 941 309 1015 llos
327 939 470 1014 iniurius
487 940 523 1012 in
541 938 765 1014 scholasticos
790 935 957 1014 eiusmodi
974 944 1191 1017 accusatores
1208 967 1286 1015 asse

164 1056 303 1130 omnino
326 1055 530 1129 arbitramur
547 1056 836 1154 cireautrumque
858 1052 1035 1128 naculum
1043 1084 1057 1140 3¹
1072 1051 1176 1156 idque
1186 1057 1286 1130 levin„

161 1173 275 1258 cimus
300 1189 419 1247 tuma
443 1173 565 1272 priori,
591 1173 665 1246 tum
690 1201 711 1245 a
737 1171 926 1272 posteriori.
948 1172 977 1245 tl
1001 1167 1106 1270 priori
1123 1173 1281 1272 quidem,

162 1287 247 1387 quia
274 1294 307 1362 1.
325 1287 487 1362 transitus
504 1315 525 1362 a
541 1287 696 1387 patribus
713 1287 757 1360 ad
775 1287 998 1360 scholasticos
1015 1272 1285 1384 itapedetentim

163 1404 275 1477 factus
305 1421 376 1491 ast,
411 1421 450 1477 ιιι
477 1430 516 1478 se
544 1420 661 1478 mutuo
693 1403 895 1502 exceperint.
913 1404 996 1476 *lam*
1017 1404 1112 1476 enim.
1132 1407 1287 1503 caeperat

164 1544 252 1596 noua
270 1519 451 1593 methodus
477 1519 657 1607 introduci,
686 1519 823 1619 quando
848 1535 981 1618 patrum
1007 1519 1113 1592 series
1135 1520 1286 1592 nondum

158 1634 297 1734 expleta
320 1651 392 1708 erat
420 1637 509 1731 (top
532 1635 685 1734 adeoque
701 1634 787 1707 lieri
811 1661 880 1708 non
905 1635 1014 1733 potuit
1043 1651 1084 1707 ut.
1112 1635 1170 1707 isti
1200 1635 1285 1708 adso

162 1748 362 1823 deflexerint
383 1776 406 1822 a
430 1765 623 1823 sanctorum
649 1749 970 1848 patruminstitu'tis
995 1765 1032 1822 ut
1047 1775 1178 1823 »umam
1196 1749 1286 1822 intua

161 1864 264 1938 ierint
282 1865 488 1951 doctrinam,
517 1892 628 1966 neque
654 1866 764 1940 solum
790 1865 1285 1953 &venenosissimum

160 1979 212 2053 illi
237 2009 340 2080 quam
366 1980 479 2080 patres
504 1979 724 2055 tradiderunt
747 1982 819 2055 Hoc
837 1997 927 2055 certe
948 1981 1115 2055 absonum
1130 1982 1286 2081 estccgi-

160 2112 247 2170 tare.
268 2097 426 2197 Alioquin
445 2097 480 2169 in
498 2096 816 2197 repraehensionem
831 2096 1022 2171 certissime
1044 2096 1282 2184 incurrissent3

162 2210 258 2297 Quia
281 2215 315 2284 2.
335 2229 468 2288 constat
483 2240 543 2288 cos
560 2214 596 2286 in
613 2230 747 2313 patrum
772 2214 917 2286 lectione
931 2237 999 2286 non
1021 2212 1106 2285 adeo
1132 2212 1285 2312 hospites

162 2325 290 2414 luisse,
312 2345 349 2400 ut
363 2328 594 2426 ignoraverint
618 2326 707 2429 quae
732 2328 775 2401 ab
801 2328 887 2427 ipsis
913 2328 1047 2400 luerent
1067 2326 1286 2402 litteriscon-

158 2442 312 2540 signata:
333 2442 414 2516 hine
429 2469 488 2517 sos
506 2443 663 2516 videmus
680 2442 809 2543 passim
827 2440 870 2514 ad
887 2468 937 2517 ss.
954 2440 1153 2541 praesertim
1170 2440 1285 2540 liugn}

160 2559 308 2647 stinum,
336 2559 599 2659 Hieronymum,
620 2556 818 2657 Gregorium
838 2559 1070 2649 hl.,loannem
1084 2556 1285 2658 'Chrysosto

159 2701 253 2747 mum
270 2673 426 2774 aliosque
442 2700 625 2774 provocare
640 2677 729 2772 (70),
744 2674 832 2761 Quia
846 2672 884 2745 3ss
892 2672 1045 2747 nonnulli
1062 2699 1103 2746 er
1120 2672 1165 2764 iis
1181 2674 1280 2772 ipsis,

159 2791 221 2889 qui
233 2790 339 2864 huius
351 2806 532 2864 temeratae
543 2790 717 2865 doctrinae
725 2790 815 2863 circa
822 2788 1017 2887 coniugium
1031 2787 1280 2877 insimulantur,

160 2922 258 2981 eram
280 2907 447 3006 episcopi,
466 2922 528 2979 aut
544 2906 706 3006 praelati,
732 2905 794 3006 qui
819 2921 909 2979 corta
933 2907 1088 3003 ignorare
1105 2929 1172 2978 non
1191 2921 1284 3004 pote

162 3038 239 3095 rant
262 3022 297 3095 id
323 3023 416 3122 quod
438 3039 511 3096 erat
527 3023 563 3094 in
580 3048 647 3096 usu
671 3017 870 3123 quotidiano
895 3022 1064 3121 positum,
1092 3021 1282 3093 cuiusmodi

161 3138 312 3237 proiecto
337 3154 410 3211 erat
434 3137 614 3213 celebratio
639 3139 870 3236 coniugiorum
892 3132 990 3232 (71);
1015 3142 1050 3210 lt.
1068 3131 1157 3223 Quia
1185 3137 1283 3235 plura

160 3279 202 3326 ex
232 3252 317 3341 illis,
344 3280 434 3355 quae
454 3254 773 3353 adhue-supersunt
801 3250 947 3340 ritualia,
981 3253 1016 3325 in
1048 3252 1172 3352 quibus
1201 3253 1284 3326 ordo

159 3365 305 3442 traditur
329 3368 608 3454 celebrandorum
633 3369 885 3466 coniugiorum,
911 3382 944 3441 et
961 3369 996 3440 in
1018 3368 1145 3468 quihus
1170 3384 1283 3467 aperte

233 3546 284 3613 (69)
298 3548 370 3599 Dixi:
387 3537 500 3614 caeperat
517 3531 587 3599 aava
604 3548 743 3602 martarus
758 3547 901 3610 introduci,
922 3561 980 3598 nam
996 3548 1018 3597 si
1032 3561 1115 3610 presse
1129 3559 1158 3596 ac
1175 3548 1284 3624 rigoroso
1336 3549 1341 3557 “

156 3638 232 3677 sensu
248 3626 317 3690 loqui
335 3627 457 3691 velimus,
475 3625 618 3679 scholastr‘ei
634 3641 683 3678 nou
701 3630 835 3691 caeperunt
855 3627 903 3677 nisi
917 3627 974 3691 post
989 3629 1090 3676 Petrum
1107 3625 1282 3706 hembardrrm,

159 3706 203 3771 qai
212 3706 245 3761 oh
254 3706 516 3771 elitossuosquatuor
525 3708 604 3762 libros
612 3707 804 3770 munsterum,
818 3709 947 3771 amoto
956 3708 1151 3759 maestiorem
1161 3707 1210 3761 tuit
1220 3719 1283 3766 aar·

155 3788 279 3850 capatus,
295 3787 339 3850 qui
355 3800 415 3838 roro
430 3789 476 3840 hos
490 3788 569 3838 libros
584 3788 766 3847 commentariis
784 3788 941 3838 illustrarunt
958 3789 1040 3838 vocati
1057 3789 1115 3838 sunt
1132 3787 1282 3838 minutatim*

156 3867 271 3930 respectu
286 3858 419 3931 ηιαςιιιιιζ
428 3867 455 3918 si
470 3867 585 3931 ampliori
597 3865 777 3931 significatione
790 3869 996 3919 scholasticorum
1011 3881 1100 3919 nomen
1118 3867 1280 3929 usurpamus,

155 3948 255 4005 ωῐῐῡιι
265 3947 303 3998 ost
312 3948 386 4011 quod*
396 3949 469 4012 ronse
487 3950 545 4004 aaa
559 3949 704 4011 ursone
717 3949 853 4012 nemrim,
866 3962 940 4011 carn.
955 3949 993 4003 uti
1007 3948 1163 4008 videmnus,
1176 3946 1203 3999 in
1218 3946 1282 4001 nota

156 4025 341 4090 chronologicis
351 4028 391 4078 rel
402 4027 485 4092 ipsum
496 4040 517 4077 s.
531 4028 684 4078 Bernardum
695 4029 880 4092 praecesserint.

232 4104 283 4170 (7⁰)
299 4106 364 4156 Satis
376 4107 414 4156 est
427 4105 542 4156 manibus
551 4108 630 4157 terere
641 4107 745 4158 istorum
755 4107 899 4170 volumina,
912 4109 941 4158 ut
955 4107 1060 4171 quisque
1074 4117 1147 4169 saepe
1156 4104 1208 4153 suis
1222 4103 1283 4166 ipsis

154 4183 238 4234 oculis
248 4183 415 4247 deprehendet
424 4184 517 4247 passim
527 4185 572 4236 hos
581 4186 663 4249 patres
672 4185 705 4235 ab
715 4187 776 4250 ipsis
787 4187 889 4249 allegari
902 4199 947 4249 pro
958 4185 1081 4237 substrata
1094 4183 1206 4232 materia.

230 4261 282 4326 (71)
297 4263 370 4314 Tales
380 4263 444 4314 inter
455 4265 550 4315 ceteros
563 4265 663 4316 luerunt
674 4267 762 4318 retius
775 4263 941 4328 Lomhardns,
957 4277 978 4315 s.
989 4263 1173 4323 mennatum,
1187 4265 1281 4313 Duran-

156 4341 222 4405 dos,
235 4342 324 4392 Petrus
341 4341 481 4416 Paludanus
492 4344 539 4393 cto.
1205 4356 1208 4362 ·
