2872 5062
187 122 254 192 iti
382 143 482 192 mni.
505 141 591 193 secr.
612 140 742 191 aurem.
764 140 804 191 ne
829 140 1085 193 straturum.

186 264 299 337 omnia
317 261 360 335 ad
378 261 594 360 disciplinam
617 261 801 360 pertinent,
822 259 936 358 ipsum
953 259 1056 335 ctiam
1072 259 1301 367 impedimen-

188 395 256 452 tum
270 377 411 452 ordinis.
430 377 517 448 Hinc
534 376 678 449 ecclesia
697 402 818 473 graeca
835 374 1003 449 catholica
1019 375 1167 474 perrexit
1182 375 1304 451 distin·

185 520 288 592 guero
308 495 343 566 in
370 493 544 567 sacerdote
566 492 763 578 hominem,
790 492 896 565 civem
921 518 962 565 ao
986 492 1158 565 maritum.
1229 520 1233 529 ¹

258 613 363 709 leges
388 609 624 709 disciplinatos
649 608 813 681 ecclesiae
840 634 907 680 non
933 624 1013 681 sunt
1034 608 1102 681 nisi
1129 609 1304 682 humanae

187 726 328 800 rationis
353 726 461 799 foetus
486 751 546 824 pro
571 724 665 811 loco,
686 740 835 822 tempore
852 718 916 796 etc.
937 749 1048 824 neque
1064 723 1217 821 obligant
1235 751 1303 797 ma·

188 843 348 940 gistratus
374 841 508 928 civileS,
537 841 605 914 nisi
632 867 708 913 eum
735 867 793 913 eas
818 839 1015 928 admittunt,
1044 866 1084 913 ac
1109 840 1218 915 donec
1242 867 1302 914 aas

189 983 257 1032 non
283 972 449 1031 revocent.
481 955 572 1028 Talis
600 971 652 1029 est
679 955 832 1029 doctrina
857 970 890 1026 et
920 955 1036 1053 praxis
1068 954 1161 1029 orbis
1186 955 1303 1029 catho-

188 1071 248 1145 lici
271 1074 360 1167 (ti).

207 1232 224 1245 ⁸
646 1252 834 1351 Responsio.

261 1421 312 1494 lta
328 1420 464 1519 quidem
486 1419 623 1518 sapiens
644 1435 756 1491 orator
777 1419 980 1504 historicus,
1002 1417 1181 1514 theologus
1197 1430 1231 1488 et
1247 1441 1302 1489 ca-

187 1537 332 1610 nonista.
351 1537 469 1608 Verum
483 1535 519 1606 in
531 1549 600 1607 tota
616 1535 681 1607 hac
696 1535 784 1607 male
809 1551 968 1632 congesta
993 1533 1241 1634 disceptatione
1266 1533 1300 1602 in

188 1651 287 1750 plura
305 1650 445 1724 incurrit
469 1675 577 1749 eaque
598 1649 800 1748 gravissima
818 1664 927 1721 errata
944 1648 1066 1748 partim
1079 1674 1121 1720 ex
1133 1646 1303 1747 imperitia

189 1791 300 1840 rerum
318 1765 601 1862 theologicarum,
623 1764 746 1863 partim
765 1791 805 1837 ex
823 1763 1011 1861 ignorantia
1028 1763 1213 1851 historiae,
1231 1789 1304 1862 par-

188 1882 248 1955 tim
272 1881 420 1981 denique
436 1908 477 1954 ex
495 1880 679 1953 temeritato
699 1881 735 1951 in
755 1879 966 1952 affirmando.
988 1879 1079 1952 llaec
1096 1879 1304 1952 erratasin-

190 1997 331 2095 gillatim
356 2022 602 2096 percurramus.

266 2112 313 2184 do
339 2112 485 2211 primum
507 2110 643 2210 quidem
668 2127 721 2183 est
744 2110 786 2182 de
803 2109 1000 2182 definitione
1024 2108 1105 2183 data
1120 2135 1142 2181 a
1159 2106 1304 2182 concilio

189 2226 365 2300 florentino
391 2226 577 2326 inspirante
598 2226 727 2325 Spiritu
749 2226 890 2314 Sancto,
912 2226 1002 2324 quod
1020 2225 1170 2298 essentia
1194 2250 1303 2298 sacra·

188 2341 292 2413 menti
326 2340 530 2413 matrimonii
565 2340 730 2413 consistat
754 2341 790 2411 in
815 2366 983 2414 consensu
1008 2338 1300 2433 contrahentium,

189 2455 278 2528 adsit
301 2455 354 2528 vel
376 2455 465 2528 desit
490 2456 720 2529 sacerdos.'Si
745 2455 811 2528 hoc
838 2456 1011 2529 statuisset
1035 2453 1220 2529 concilium
1243 2455 1304 2527 ilo-

190 2570 359 2643 rentinum
378 2571 565 2669 inspirante
577 2571 703 2671 Spiritu
722 2572 860 2658 Sancto,
881 2596 1068 2670 numquam
1085 2585 1202 2644 exorta
1218 2571 1304 2643 inter

189 2686 374 2760 catholicos
399 2684 627 2761 controversia
644 2702 735 2761 osset
751 2688 842 2760 circa
868 2688 1059 2761 ministrum
1084 2686 1300 2771 sacramenti,

188 2819 334 2876 attamen
360 2829 414 2876 res
439 2804 662 2890 estentona,
692 2805 929 2902 gravissimam
964 2830 1026 2877 neo
1059 2804 1162 2903 plene
1192 2803 1304 2876 adhuc

186 2919 332 3018 sopitam
367 2919 534 2992 eiusmodi
568 2921 830 2994 controversiam
863 2919 1039 3018 viguisse,
1059 2919 1205 2994 'scilicet
1227 2932 1304 3020 post

189 3032 291 3107 huius
317 3034 452 3108 concilii
476 3035 753 3124 celebrationem,
775 3037 976 3109 sententiam
1001 3035 1205 3110 contrariam
1224 3034 1304 3107 llel·

187 3147 337 3222 ebionem
367 3150 495 3223 Canum
525 3150 736 3226 adstruxisse
769 3154 937 3224 innixum
958 3152 1059 3225 ctiam
1089 3151 1193 3224 huius
1229 3177 1305 3226 con-

188 3262 258 3335 cilii
288 3266 500 3351 auctoritate,
530 3283 567 3339 ut
590 3268 802 3367 apertissime
835 3283 965 3341 constat
990 3266 1119 3353 exiis,
1148 3266 1302 3365 quaein

103 3414 106 3417 ·
188 3372 292 3475 priori
325 3379 424 3452 istius
456 3381 534 3453 libri
568 3384 716 3456 sectione
744 3383 944 3481 scripsimus
974 3384 1063 3478 (to).
1093 3382 1212 3481 ltaque
1237 3407 1303 3456 non

260 3547 310 3610 (at)
326 3550 420 3599 senato
434 3547 478 3599 det
491 3562 580 3614 roano.
598 3558 634 3601 to.
645 3551 758 3602 Dicemb.
771 3564 826 3615 pag.
841 3557 894 3603 197.

262 3628 313 3690 (ot)
328 3630 450 3693 Perpetuo
460 3630 488 3678 in
496 3630 603 3680 comitiis
616 3631 752 3695 subalpinis
762 3634 787 3682 et
798 3632 824 3680 in
836 3633 922 3682 mnatu
934 3633 1045 3682 oratores
1055 3630 1307 3682 inconnumerati

189 3709 359 3774 theologorum
370 3711 439 3761 circs
452 3710 592 3762 ministrum
603 3713 749 3763 sacramenti
761 3712 927 3775 matrimonii,
941 3726 971 3764 ao
980 3712 1083 3776 proinde
1091 3712 1159 3763 circa
1168 3711 1304 3765 distinctio·

190 3801 245 3838 nem
257 3789 321 3838 inter
331 3790 484 3841 contractum
498 3792 524 3840 et
538 3792 717 3842 sacramentum
728 3791 753 3841 in
765 3792 924 3843 matrimonio
935 3792 1086 3855 innituntur,
1096 3792 1304 3856 iioetperpenn,

189 3868 225 3917 nti
239 3868 401 3920 ostendimus.
412 3872 443 3920 ut
451 3883 481 3921 cn
493 3883 572 3921 novus
583 3870 625 3921 hic
635 3873 719 3921 orator
732 3872 860 3922 constituit
874 3872 963 3935 dogunt
972 3871 1030 3922 iidei
1039 3884 1093 3923 csse
1101 3872 1173 3921 lunia
1182 3870 1302 3922 delinitio

189 3958 246 3997 nem
261 3949 360 3999 concilii
375 3950 498 4001 florentini
519 3952 672 4015 inspiratio
686 3953 789 4015 spiritu
801 3954 898 4003 sancto
913 3952 1039 4003 minisuos
1058 3951 1207 4002 sacramenti
1222 3948 1303 4002 matri·

187 4026 264 4076 monii
274 4040 327 4078 csse
336 4030 524 4092 contrahentes,
536 4028 647 4093 adeoque
659 4029 804 4081 identiiccri
815 4033 995 4084 sacramentum
1007 4032 1033 4080 et
1047 4030 1211 4082 conuectum.
1224 4029 1303 4082 rotet

187 4117 219 4155 ue
229 4104 286 4169 fmgi
297 4110 376 4159 maior
387 4109 568 4160 contradictio?
