2872 5062
176 391 245 440 err.
262 386 346 438 vm
362 387 481 438 nrrrsr.
500 385 656 438 uourmn.
673 385 743 435 aar.
762 386 797 434 n.
815 385 887 436 aaa.
905 386 1083 439 rmnrnou.
1139 366 1207 441 itt

96 507 257 582 inritatus
281 502 432 579 Salvator
457 503 531 602 ipse
555 502 673 589 fuerit,
699 518 735 577 ut
760 501 803 579 iis
829 500 1041 577 benediceret
1069 506 1142 599 (lh)
1155 505 1206 576 l»

94 623 216 696 -Verum
242 647 318 694 eum
342 618 379 691 hi
405 633 517 717 patres
537 618 713 691 adstruunt
732 616 902 690 Christum
930 635 1082 692 vocatum
1103 621 1212 700 luisse

95 739 140 813 ed
165 737 301 838 nuptias
323 735 450 821 Canae,
473 750 511 808 ut
531 734 574 806 iis
593 726 821 820 benediceret,
846 735 1001 834 prolecto,
1018 755 1211 835 supponunt

98 853 171 929 solo
198 849 466 927 contrahentium
497 874 664 924 consensu
694 849 888 945 coniugium
919 850 1012 937 lieri;
1040 851 1209 949 siquidem

97 995 176 1044 cum
199 965 349 1067 nuptiale
371 966 562 1043 convivium
588 964 799 1041 eelebratum.
816 980 884 1052 est,
908 966 957 1038 illi
983 967 1049 1040 iam
1076 970 1212 1067 nuptias

97 1081 294 1158 iudaeorum
315 1107 407 1155 more
427 1081 515 1154 inter
534 1106 571 1155 se
592 1080 737 1153 inierant
756 1080 828 1154 solo
845 1107 1026 1157 consensu
1050 1082 1112 1156 His
1133 1109 1212 1157 vero

99 1198 166 1272 iam
190 1196 352 1272 conseatis
379 1196 533 1271 Christus
560 1197 754 1296 supervenit
777 1197 912 1298 sponsis
937 1198 1054 1296 utique
1079 1197 1214 1273 henedi-

97 1327 213 1389 oturus
234 1304 424 1411 praesentia
444 1339 519 1386 sua.
543 1311 626 1385 Cum
645 1338 724 1385 vero
741 1312 784 1385 ad
803 1312 927 1385 Christi
948 1313 1136 1411 exemplum
1159 1340 1214 1387 sa-

98 1426 251 1505 cerdotes
275 1426 403 1527 nuptiis
427 1425 645 1513 benedicant,
670 1447 729 1501 eas
755 1442 949 1527 supponunt
974 1429 1108 1527 praevio
1133 1452 1214 1501 eon-

99 1543 303 1616 trahentium
328 1567 495 1623 eumenen
516 1542 603 1616 inter
622 1570 659 1617 se
681 1544 814 1618 loedere
835 1543 975 1643 nuptiali
1002 1545 1210 1618 coniunctos.

170 1657 248 1730 Ilua
269 1656 435 1731 secedunt
463 1673 575 1756 patres
602 1657 673 1745 illi,
701 1659 759 1758 qui
790 1659 833 1731 de
858 1658 1050 1756 nuptiarum
1081 1658 1213 1733 foedere

99 1772 332 1853 intellexerunt
359 1773 461 1846 verba
490 1772 643 1872 Apostoli
672 1775 800 1874 Ephes.
830 1775 867 1845 V.
888 1774 937 1846 uti
954 1773 1212 1862 ambrosiaster,

99 1887 214 1988 quiin
227 1886 412 1963 Comment.
438 1888 473 1959 in
493 1886 584 1962 hune
603 1888 729 1962 losum:
750 1890 927 1989 «Mysterii
947 1905 1214 1978 sacramentum,

100 2003 228 2104 inquit,
242 2002 381 2102 quando
397 2005 433 2075 in
449 2006 574 2077 onitate
591 2007 659 2077 oiri
673 2032 711 2078 ao
726 2007 887 2105 foeminae
905 2031 981 2079 esse
999 2006 1178 2102 signifieat.
1195 2036 1211 2081 a

170 2118 299 2192 Eadem
320 2119 449 2193 rationo
466 2120 622 2194 eumdem
645 2137 769 2193 textum
791 2121 926 2218 exponit
943 2149 972 2193 s.
990 2120 1223 2220 Hieronymus>

99 2235 136 2315 in
154 2234 228 2312 suis
242 2233 496 2309 Commentariis
517 2234 669 2307 daldae
688 2251 722 2306 et
735 2235 847 2308 Herae
859 2235 1016 2330 coniugio
1034 2235 1084 2306 uti
1110 2235 1217 2333 figura

100 2349 348 2432 coniunctionis
361 2349 485 2423 Christi
503 2376 579 2423 oum
593 2349 747 2436 ecelesia,
763 2349 934 2423 scribens:
955 2371 972 2419 o
985 2347 1136 2448 ldipsum
1153 2376 1216 2448 per

101 2465 297 2565 allegoriam
316 2465 353 2537 in
372 2465 505 2541 Christo
523 2466 758 2565 interpretatur
773 2482 806 2539 et
822 2465 858 2539 in
878 2464 1037 2553 ecelesia,
1058 2482 1095 2539 ut
1110 2466 1217 2550 Adam

101 2581 291 2669 Christum,
314 2597 349 2655 et
370 2581 463 2659 Hora
484 2582 725 2680 praefiguraret
742 2581 932 2655 ecelesiam.
953 2611 971 2651 r>
992 2583 1031 2654 ln
1050 2582 1148 2666 cuius
1169 2584 1217 2664 rei

101 2696 390 2780 confirmationem
420 2697 517 2771 affert
531 2697 740 2795 ‘Gregorium
772 2685 1014 2777 nazianzenum
1045 2698 1096 2779 sia
1125 2698 1219 2783 Pauli

103 2811 209 2895 verba
230 2813 489 2913 explanantem:
518 2815 631 2888 «Soio
663 2815 744 2914 quia
772 2814 866 2888 loeus
898 2815 961 2887 iste
991 2813 1218 2897 ineffabilibus

102 2925 229 3026 plenus
249 2928 295 3002 sit
321 2929 556 3016 sacramentis,
581 2945 615 3003 ot
639 2929 793 3004 diuinum
814 2956 872 3002 eor
894 2945 1033 3028 quaerat
1057 2929 1220 3027 interpre

102 3043 164 3131 tis}
187 3069 251 3142 ego
274 3060 385 3129 autem
410 3071 471 3142 pro
495 3044 679 3144 pusillitate
704 3071 827 3119 sensus
849 3045 932 3131 mei,
959 3045 994 3115 in
1014 3042 1148 3117 Christo
1173 3044 1221 3117 im

102 3158 200 3241 terim
219 3158 303 3233 illud
320 3175 354 3233 et
368 3159 404 3241 in
418 3148 563 3244 eeclesia
578 3159 836 3256 intelligendum
851 3175 944 3258 puto,
958 3188 977 3228 n
992 3158 1083 3257 quod
1100 3184 1221 3258 nempe

103 3272 189 3349 dixit
199 3271 380 3374 Apostolus
398 3273 443 3348 de
458 3275 550 3348 Adae
571 3291 604 3348 et
623 3275 736 3349 Herae
753 3274 926 3371 coniugio;
943 3274 1095 3374 adeoque
1113 3275 1217 3359 alon,

104 3387 181 3463 tiori
200 3387 244 3467 (lo
264 3389 420 3488 coniugio
441 3390 700 3469 christianorum
722 3390 875 3465 ordinato
894 3391 939 3463 ad
959 3391 1112 3475 malem
1127 3391 1222 3475 Chris

105 3501 150 3577 sti
173 3519 209 3585 ot
232 3503 396 3587 eeclesiae
422 3506 688 3585 coniunctionem
715 3506 996 3604 significandam,
1024 3525 1059 3581 et
1082 3507 1129 3584 in,
1147 3535 1224 3606 per·

105 3632 243 3717 petrum
269 3621 599 3719 repraesentandam.
1025 3641 1029 3703 ζ

162 3733 226 3809 'Aa
249 3735 372 3819 ceteris
396 3737 533 3813 omissis
558 3741 653 3835 (ld),
676 3765 705 3813 s.
729 3737 938 3838 Augustinus
958 3739 1018 3812 lih.
1043 3740 1070 3812 l.
1093 3741 1141 3811 De
1161 3760 1224 3819 oro

102 3850 186 3946 ptit's
207 3865 239 3922 et
259 3877 392 3951 ooaoop.
418 3879 449 3926 o.
469 3854 556 3925 xxl.
578 3854 620 3925 de
639 3854 756 3927 eodem
779 3855 918 3927 Paulino
938 3870 1029 3927 textu
1052 3853 1223 3927 disserens

108 3963 172 4038 ait:
198 3964 329 4052 «Quod
356 3967 390 4039 in
413 3966 546 4042 Christo
571 3985 605 4042 et
630 3969 664 4042 in
690 3969 833 4044 ecelesia
857 3987 908 4044 est
927 3996 1086 4067 magnum
1112 3993 1225 4040 soora-

179 4187 233 4250 (ta)
247 4189 348 4240 Euoras
360 4191 457 4241 vau.
469 4192 669 4242 meraettorom
681 4205 707 4241 n.
718 4197 758 4242 ao.
770 4193 810 4243 ed.
818 4195 903 4243 Peter.

175 4267 230 4330 (¹⁰)
245 4269 324 4331 Quoo.
338 4281 397 4319 oum
411 4282 538 4333 ugermnm
554 4269 587 4322 de
600 4271 703 4322 veritate
721 4271 795 4322 huius
809 4272 954 4323 sacramenti
967 4271 1058 4322 exhor
1075 4270 1145 4320 Pautt
1157 4271 1225 4320 textu
1240 4271 1242 4274 ’

106 4346 290 4412 confirmanda,
305 4349 480 4402 metim

1153 4434 1174 4476 a
