2872 5062
156 335 201 406 8⁰
348 353 410 408 am·
430 355 455 407 r.
474 344 561 407 stur.
581 356 605 406 r.
626 355 666 406 uu
685 353 817 407 norun.
838 352 1053 408 stamnum.

216 475 484 574 ,decimoquarto
512 473 654 548 Damam
688 472 920 562 concludunt,
956 473 1116 548 universa
1144 484 1267 575 propo-=

156 590 291 666 modum
307 588 474 688 legislatio
490 589 653 665 canonica
669 605 846 665 evanescet
863 589 955 664 circa
977 588 1164 664 christiana
1189 615 1268 666 con·

156 705 276 794 aubia,
293 706 392 806 eique
404 703 477 782 sola
488 703 653 803 legislatio
673 705 783 780 civilis
804 705 1008 794 sufficiatur,
1038 707 1094 794 si,
1122 706 1172 780 uti
1196 707 1267 782 ani·

156 821 416 909 madvertimus,
448 819 541 894 illam
563 821 669 895 unice
696 837 826 920 partem
854 821 1136 921 excipias,¹quae
1164 821 1270 896 allicit

156 937 397 1039 dispositiones
422 961 510 1036 quae
528 926 572 1010 ad
589 951 834 1011 sacramentum
860 936 922 1010 rite
947 935 1202 1035 suscipiendum
1216 962 1269 1012 re-

155 1053 346 1154 quiruntur.
610 1150 613 1155 ⁴
959 1148 962 1153 ι

229 1158 334 1240 l'alia¹
349 1181 429 1240 suut
452 1166 633 1269 praecipua
656 1166 848 1255 corollaria,
870 1192 958 1267 quae
973 1191 1014 1240 ex
1031 1165 1114 1240 Cani
1135 1184 1269 1267 senten-

157 1282 205 1357 tia
229 1273 446 1382 haudpauci
470 1281 571 1357 etiam
595 1282 683 1356 inter
706 1281 890 1357 catholicos
920 1281 1130 1357 deduxerunt
1154 1285 1270 1358 contra

159 1411 322 1484 mentm,
343 1411 381 1471 ut
396 1397 562 1486 diximus,
583 1397 746 1486 auctoris,
766 1397 826 1498 qai
844 1397 992 1496 prolecto
1007 1396 1107 1495 louge
1123 1398 1167 1472 ab
1184 1399 1271 1474 eius-

158 1511 250 1587 modi
275 1510 438 1588 doctrinis
464 1512 603 1602 abarat,
632 1538 741 1614 neque
769 1512 935 1616 praevidit
958 1514 994 1586 in
1019 1539 1122 1612 quam
1147 1513 1271 1613 malam

162 1625 291 1729 partem
321 1627 519 1703 maleleriati
547 1628 702 1702 homiues
738 1627 904 1701 sententia
935 1627 1000 1702 hac
1033 1655 1095 1702 sua
1127 1626 1273 1703 luissent

159 1741 311 1818 abusuri.
331 1744 371 1816 ln
395 1742 561 1818 eiusmodi
586 1743 676 1818 enim
702 1743 920 1818 consectariis
945 1742 1157 1831 evolvendis,
1186 1770 1274 1844 quae

158 1859 308 1960 prolecto
324 1885 365 1934 ex
377 1858 459 1934 Cani
473 1859 639 1935 sententia
657 1858 806 1956 legitime
823 1884 890 1933 non
907 1858 1129 1948 descendunt,
1142 1861 1273 1960 praeci·

162 2001 230 2076 pue
246 1973 488 2063 excelluerunt,
504 1975 564 2075 qui
577 1973 677 2048 aulici
695 1974 875 2074 scriptores
894 1973 1055 2062 audiunt,
1077 1973 1136 2074 qui
1154 1999 1274 2076 nempe

160 2115 202 2163 ex
226 2088 454 2164 assentatione
474 2115 554 2188 erga
571 2089 742 2191 principes
758 2089 855 2165 veriti
876 2114 942 2163 non
964 2102 1198 2195 suutcausam
1216 2116 1274 2195 wca-

160 2203 319 2280 tholicam
344 2205 507 2305 prodere;
535 2204 636 2278 etiam
656 2203 952 2307 pseudo-politici,
977 2204 1036 2304 qui
1053 2229 1134 2303 prae
1150 2204 1274 2303 gaudio

159 2320 301 2395 exiliunt
325 2319 456 2420 quoties
480 2319 643 2395 ecclesiae
666 2319 870 2407 catholicae,
895 2344 935 2392 ac
956 2317 1047 2392 sedis
1071 2316 1275 2417 apostolicae

160 2435 245 2509 iura
266 2434 426 2509 invadere
459 2449 622 2537 possunt,
649 2450 687 2508 ut
709 2433 769 2507 illa
793 2434 828 2507 in
854 2432 1025 2533 principes
1057 2433 1270 2509 transferant.

161 2549 292 2622 Exinde
307 2550 408 2624 etiam
425 2550 670 2650 profluxerunt,
693 2574 780 2648 quae
799 2548 950 2650 synodus
967 2549 1180 2648 pistoriensis
1196 2574 1275 2625 con·
1294 2574 1297 2579 ·

161 2662 272 2737 stituit
295 2663 384 2738 circa
409 2663 650 2764 impedimenta
672 2661 923 2737 matrimonium
948 2663 1159 2752 dirimentia3
1188 2690 1275 2765 quae

165 2775 255 2850 circa
275 2777 525 2851 matrimonium
543 2775 641 2852 civile
657 2776 782 2850 alicubi
803 2794 928 2854 tentata
954 2795 1048 2868 sunt;
1073 2804 1162 2879 quae
1186 2780 1274 2854 circa

162 2889 323 2980 divortia,
350 2906 409 2965 aut
429 2890 659 2993 polygamiam
679 2893 784 2967 uariis
801 2892 837 2965 in
854 2893 1047 2992 regionibus
1068 2893 1197 2991 ingenti
1214 2921 1274 2996 pu-

162 3005 272 3105 blicae
295 3006 483 3082 honestatis
508 3003 652 3096 iactura,
673 3024 707 3082 et
723 3034 854 3083 morum
879 3007 1067 3110 corruptela
1086 3009 1271 3108 agitantur,

161 3121 297 3223 aliaque
321 3122 488 3198 eiusmodi
498 3127 501 3131 ’
513 3123 604 3196 mala
620 3149 686 3198 non
704 3150 830 3224 pauca,
850 3151 938 3225 quae
955 3125 1050 3199 hisce
1066 3123 1273 3224 temporibus

163 3236 272 3334 magis
296 3261 336 3310 ac
359 3237 469 3335 magis
484 3236 530 3310 in
554 3238 629 3314 dies
654 3253 810 3312 crescunt
833 3254 866 3313 et
891 3238 1085 3313 dilatantur.

236 3350 459 3451 Quapropter,
469 3369 506 3427 ut
518 3352 728 3451 perniciosae
744 3352 910 3427 eiusmodi
928 3354 1100 3428 doctrinae
1111 3371 1275 3455 quantum

164 3465 200 3538 in
222 3464 324 3542 nobis
349 3466 413 3541 erit
436 3468 661 3557 obsistamus,
682 3469 750 3544 huc
775 3484 913 3544 conatus
933 3470 1118 3569 dirigemus
1143 3494 1272 3558 omnes,

163 3579 292 3654 ut'eam
313 3581 474 3656 radicitus
492 3582 696 3683 extirpemus
714 3602 746 3661 et
763 3584 1002 3660 convellamus.
1024 3587 1141 3685 ltaque
1153 3577 1201 3659 ax³
1212 3585 1276 3657 lrac

162 3694 257 3770 brevi
278 3696 410 3772 suturae
432 3699 641 3773 tractationis
662 3700 939 3789 adumbratione,
959 3700 1027 3774 iam
1044 3700 1276 3802 progredimur

163 3811 207 3885 ad
220 3813 418 3910 exponenda
430 3813 804 3914 utriusque'sententiae
812 3816 856 3890 de
867 3817 1022 3891 ministro
1034 3816 1273 3904 fundamenta3

164 3927 428 4029 quaerdeinceps
446 3954 507 4030 per
523 3931 705 4031 quamdam
719 3931 823 4005 crisin
840 3931 1084 4032 elpendemus,
1099 3946 1136 4005 ut
1152 3924 1276 4006 raritas

165 4068 227 4117 suo
244 4043 423 4118 inlumina
447 4045 635 4121 collocetur.
652 4046 759 4133 ,Quod
771 4062 808 4120 ut
824 4045 959 4147 plenius
975 4046 1203 4134 obtineamus,
1224 4072 1278 4120 ar·

165 4177 323 4257 gumenta
347 4160 544 4260 singillatim
574 4160 884 4264 proferemus'sive
909 4162 1108 4251 exsihliis,
1139 4162 1213 4237 sire
1236 4188 1277 4236 er

166 4275 338 4373 patribus,
359 4277 430 4354 sive
447 4305 487 4353 ex
504 4277 571 4353 alio
588 4279 708 4379 quovis
730 4279 916 4377 theologico
941 4273 1031 4355 lontc
1056 4279 1273 4380 deprompta,
