<?xml version="1.0" encoding="UTF-8"?>
<!DOCTYPE html PUBLIC "-//W3C//DTD XHTML 1.0 Transitional//EN"
    "http://www.w3.org/TR/xhtml1/DTD/xhtml1-transitional.dtd">
<html xmlns="http://www.w3.org/1999/xhtml" xml:lang="en" lang="en">
 <head>
  <title>
</title>
<meta http-equiv="Content-Type" content="text/html;charset=utf-8" />
  <meta name='ocr-system' content='tesseract 3.04.00' />
  <meta name='ocr-capabilities' content='ocr_page ocr_carea ocr_par ocr_line ocrx_word'/>
</head>
<body>
  <div class='ocr_page' id='page_1' title='image "./dematrimoniochr00perrgoog_0135.png"; bbox 0 0 2872 5062; ppageno 0'>
   <div class='ocr_carea' id='block_1_1' title="bbox 173 318 1102 405">
    <p class='ocr_par' dir='ltr' id='par_1_1' title="bbox 173 318 1102 405">
     <span class='ocr_line' id='line_1_1' title="bbox 173 318 1102 405; baseline 0.005 -17"><span class='ocrx_word' id='word_1_1' title='bbox 173 318 244 390; x_wconf 68' lang='lat'>114</span> <span class='ocrx_word' id='word_1_2' title='bbox 383 338 444 387; x_wconf 85' lang='lat' dir='ltr'>un.</span> <span class='ocrx_word' id='word_1_3' title='bbox 466 336 488 386; x_wconf 91' lang='lat' dir='ltr'>r.</span> <span class='ocrx_word' id='word_1_4' title='bbox 511 337 597 387; x_wconf 83' lang='lat' dir='ltr'>saur.</span> <span class='ocrx_word' id='word_1_5' title='bbox 619 336 643 385; x_wconf 86' lang='grc' dir='ltr'>ι.</span> <span class='ocrx_word' id='word_1_6' title='bbox 656 336 696 387; x_wconf 85' lang='lat' dir='ltr'>nn</span> <span class='ocrx_word' id='word_1_7' title='bbox 713 336 1070 394; x_wconf 72' lang='lat' dir='ltr'>nurum-stemmnro.</span> <span class='ocrx_word' id='word_1_8' title='bbox 1099 398 1102 405; x_wconf 63' lang='grc'>,</span> 
     </span>
    </p>
   </div>
   <div class='ocr_carea' id='block_1_2' title="bbox 161 452 1290 3386">
    <p class='ocr_par' dir='ltr' id='par_1_2' title="bbox 171 452 1283 774">
     <span class='ocr_line' id='line_1_2' title="bbox 173 452 1283 552; baseline 0.01 -28"><span class='ocrx_word' id='word_1_9' title='bbox 173 453 238 526; x_wconf 90' lang='lat' dir='ltr'>ritu</span> <span class='ocrx_word' id='word_1_10' title='bbox 263 477 383 551; x_wconf 80' lang='lat' dir='ltr'>nempe</span> <span class='ocrx_word' id='word_1_11' title='bbox 408 478 504 526; x_wconf 83' lang='lat' dir='ltr'>seem</span> <span class='ocrx_word' id='word_1_12' title='bbox 521 479 560 526; x_wconf 86' lang='lat' dir='ltr'>ac</span> <span class='ocrx_word' id='word_1_13' title='bbox 577 452 726 552; x_wconf 80' lang='lat' dir='ltr'>legitima</span> <span class='ocrx_word' id='word_1_14' title='bbox 743 454 881 529; x_wconf 87' lang='lat' dir='ltr'>ratione.</span> <span class='ocrx_word' id='word_1_15' title='bbox 903 453 970 529; x_wconf 89' lang='lat' dir='ltr'>Nee</span> <span class='ocrx_word' id='word_1_16' title='bbox 987 454 1034 528; x_wconf 91' lang='lat' dir='ltr'>ibi</span> <span class='ocrx_word' id='word_1_17' title='bbox 1052 456 1152 530; x_wconf 84' lang='lat' dir='ltr'>etiam</span> <span class='ocrx_word' id='word_1_18' title='bbox 1169 476 1283 535; x_wconf 79' lang='lat' dir='ltr'>nermo</span> 
     </span>
     <span class='ocr_line' id='line_1_3' title="bbox 171 566 1282 648; baseline 0.005 -6"><span class='ocrx_word' id='word_1_19' title='bbox 171 585 222 643; x_wconf 87' lang='lat' dir='ltr'>est</span> <span class='ocrx_word' id='word_1_20' title='bbox 254 567 297 642; x_wconf 88' lang='lat' dir='ltr'>de</span> <span class='ocrx_word' id='word_1_21' title='bbox 329 566 560 642; x_wconf 89' lang='lat' dir='ltr'>benedictione</span> <span class='ocrx_word' id='word_1_22' title='bbox 593 569 785 644; x_wconf 84' lang='lat' dir='ltr'>necessaria</span> <span class='ocrx_word' id='word_1_23' title='bbox 814 569 857 642; x_wconf 88' lang='lat' dir='ltr'>ad</span> <span class='ocrx_word' id='word_1_24' title='bbox 891 569 1132 644; x_wconf 87' lang='lat' dir='ltr'>conficiendum</span> <span class='ocrx_word' id='word_1_25' title='bbox 1166 598 1282 648; x_wconf 76' lang='lat' dir='ltr'>mera-</span> 
     </span>
     <span class='ocr_line' id='line_1_4' title="bbox 171 683 1005 774; baseline 0 -21"><span class='ocrx_word' id='word_1_26' title='bbox 171 683 333 754; x_wconf 84' lang='lat' dir='ltr'>mentum.</span> <span class='ocrx_word' id='word_1_27' title='bbox 1003 770 1005 774; x_wconf 11' lang='lat' dir='ltr'>p</span> 
     </span>
    </p>

    <p class='ocr_par' dir='ltr' id='par_1_3' title="bbox 168 788 1290 1441">
     <span class='ocr_line' id='line_1_5' title="bbox 243 788 1279 897; baseline 0.008 -31"><span class='ocrx_word' id='word_1_28' title='bbox 243 794 331 880; x_wconf 83' lang='lat' dir='ltr'>Quid</span> <span class='ocrx_word' id='word_1_29' title='bbox 364 794 466 892; x_wconf 80' lang='lat' dir='ltr'>igitur</span> <span class='ocrx_word' id='word_1_30' title='bbox 490 795 556 869; x_wconf 90' lang='lat' dir='ltr'>sihi</span> <span class='ocrx_word' id='word_1_31' title='bbox 581 795 697 870; x_wconf 81' lang='lat' dir='ltr'>volunt</span> <span class='ocrx_word' id='word_1_32' title='bbox 724 788 889 886; x_wconf 83' lang='lat' dir='ltr'>eiusmodi</span> <span class='ocrx_word' id='word_1_33' title='bbox 911 813 1055 897; x_wconf 90' lang='lat' dir='ltr'>patrum</span> <span class='ocrx_word' id='word_1_34' title='bbox 1087 799 1279 874; x_wconf 85' lang='lat' dir='ltr'>testimonia</span> 
     </span>
     <span class='ocr_line' id='line_1_6' title="bbox 170 909 1278 1013; baseline 0.008 -33"><span class='ocrx_word' id='word_1_35' title='bbox 170 911 329 1006; x_wconf 76' lang='lat' dir='ltr'>eceqetice</span> <span class='ocrx_word' id='word_1_36' title='bbox 346 935 367 982; x_wconf 90' lang='lat' dir='ltr'>a</span> <span class='ocrx_word' id='word_1_37' title='bbox 384 910 519 982; x_wconf 90' lang='lat' dir='ltr'>doctore</span> <span class='ocrx_word' id='word_1_38' title='bbox 536 910 619 1006; x_wconf 82' lang='lat' dir='ltr'>Berg</span> <span class='ocrx_word' id='word_1_39' title='bbox 636 909 808 1008; x_wconf 73' lang='lat' dir='ltr'>expensa?</span> <span class='ocrx_word' id='word_1_40' title='bbox 825 910 916 983; x_wconf 90' lang='lat' dir='ltr'>Nihil</span> <span class='ocrx_word' id='word_1_41' title='bbox 934 911 1047 1001; x_wconf 87' lang='lat' dir='ltr'>aliud,</span> <span class='ocrx_word' id='word_1_42' title='bbox 1068 939 1170 1012; x_wconf 86' lang='lat' dir='ltr'>quam</span> <span class='ocrx_word' id='word_1_43' title='bbox 1186 913 1278 1013; x_wconf 90' lang='lat' dir='ltr'>quod</span> 
     </span>
     <span class='ocr_line' id='line_1_7' title="bbox 168 1024 1290 1126; baseline 0.006 -31"><span class='ocrx_word' id='word_1_44' title='bbox 168 1024 336 1120; x_wconf 84' lang='lat' dir='ltr'>diximus,</span> <span class='ocrx_word' id='word_1_45' title='bbox 359 1024 550 1121; x_wconf 80' lang='lat' dir='ltr'>coniugium</span> <span class='ocrx_word' id='word_1_46' title='bbox 577 1024 705 1112; x_wconf 82' lang='lat' dir='ltr'>scilicet</span> <span class='ocrx_word' id='word_1_47' title='bbox 722 1025 871 1115; x_wconf 86' lang='lat' dir='ltr'>fidelium</span> <span class='ocrx_word' id='word_1_48' title='bbox 888 1025 1290 1126; x_wconf 65' lang='lat' dir='ltr'>sacordotispraesentia,</span> 
     </span>
     <span class='ocr_line' id='line_1_8' title="bbox 168 1133 1282 1230; baseline 0.005 -21"><span class='ocrx_word' id='word_1_49' title='bbox 168 1153 201 1210; x_wconf 89' lang='lat' dir='ltr'>et</span> <span class='ocrx_word' id='word_1_50' title='bbox 224 1137 456 1212; x_wconf 89' lang='lat' dir='ltr'>benedictione</span> <span class='ocrx_word' id='word_1_51' title='bbox 488 1138 699 1211; x_wconf 75' lang='lat' dir='ltr'>cohonestari</span> <span class='ocrx_word' id='word_1_52' title='bbox 731 1136 909 1226; x_wconf 78' lang='lat' dir='ltr'>debuisse,</span> <span class='ocrx_word' id='word_1_53' title='bbox 937 1167 980 1212; x_wconf 89' lang='lat' dir='ltr'>ne</span> <span class='ocrx_word' id='word_1_54' title='bbox 1004 1139 1132 1230; x_wconf 75' lang='lat' dir='ltr'>occulte</span> <span class='ocrx_word' id='word_1_55' title='bbox 1153 1133 1251 1215; x_wconf 70' lang='lat' dir='ltr'>&#39;ieet</span> <span class='ocrx_word' id='word_1_56' title='bbox 1266 1171 1282 1230; x_wconf 77' lang='grc' dir='ltr'>;Ι</span> 
     </span>
     <span class='ocr_line' id='line_1_9' title="bbox 169 1247 1274 1353; baseline 0.006 -30"><span class='ocrx_word' id='word_1_57' title='bbox 169 1247 241 1325; x_wconf 88' lang='lat' dir='ltr'>non</span> <span class='ocrx_word' id='word_1_58' title='bbox 259 1268 368 1324; x_wconf 87' lang='lat' dir='ltr'>autem</span> <span class='ocrx_word' id='word_1_59' title='bbox 394 1252 484 1352; x_wconf 90' lang='lat' dir='ltr'>quod</span> <span class='ocrx_word' id='word_1_60' title='bbox 510 1252 576 1326; x_wconf 91' lang='lat' dir='ltr'>sibi</span> <span class='ocrx_word' id='word_1_61' title='bbox 602 1253 821 1326; x_wconf 86' lang='lat' dir='ltr'>evincendum</span> <span class='ocrx_word' id='word_1_62' title='bbox 850 1253 1026 1353; x_wconf 80' lang='lat' dir='ltr'>proposuit</span> <span class='ocrx_word' id='word_1_63' title='bbox 1050 1253 1107 1328; x_wconf 90' lang='lat' dir='ltr'>hic</span> <span class='ocrx_word' id='word_1_64' title='bbox 1130 1254 1274 1343; x_wconf 86' lang='lat' dir='ltr'>doctor,</span> 
     </span>
     <span class='ocr_line' id='line_1_10' title="bbox 168 1363 1059 1441; baseline 0.002 -3"><span class='ocrx_word' id='word_1_65' title='bbox 168 1363 372 1439; x_wconf 84' lang='lat' dir='ltr'>sacerdotem</span> <span class='ocrx_word' id='word_1_66' title='bbox 397 1391 473 1439; x_wconf 89' lang='lat' dir='ltr'>esse</span> <span class='ocrx_word' id='word_1_67' title='bbox 497 1366 697 1440; x_wconf 84' lang='lat' dir='ltr'>sacramenti</span> <span class='ocrx_word' id='word_1_68' title='bbox 726 1365 829 1441; x_wconf 88' lang='lat' dir='ltr'>huius</span> <span class='ocrx_word' id='word_1_69' title='bbox 855 1366 1059 1440; x_wconf 87' lang='lat' dir='ltr'>ministrum.</span> 
     </span>
    </p>

    <p class='ocr_par' dir='ltr' id='par_1_4' title="bbox 164 1479 1282 2265">
     <span class='ocr_line' id='line_1_11' title="bbox 239 1479 1282 1585; baseline 0.005 -34"><span class='ocrx_word' id='word_1_70' title='bbox 239 1479 330 1552; x_wconf 89' lang='lat' dir='ltr'>Idem</span> <span class='ocrx_word' id='word_1_71' title='bbox 356 1479 529 1553; x_wconf 81' lang='lat' dir='ltr'>serendum</span> <span class='ocrx_word' id='word_1_72' title='bbox 551 1479 712 1553; x_wconf 89' lang='lat' dir='ltr'>iudicium</span> <span class='ocrx_word' id='word_1_73' title='bbox 731 1479 773 1552; x_wconf 90' lang='lat' dir='ltr'>de</span> <span class='ocrx_word' id='word_1_74' title='bbox 794 1480 947 1554; x_wconf 79' lang='lat' dir='ltr'>formulis</span> <span class='ocrx_word' id='word_1_75' title='bbox 972 1480 1155 1570; x_wconf 82' lang='lat' dir='ltr'>identidem</span> <span class='ocrx_word' id='word_1_76' title='bbox 1180 1483 1282 1585; x_wconf 73' lang='lat' dir='ltr'>apu-</span> 
     </span>
     <span class='ocr_line' id='line_1_12' title="bbox 168 1593 1281 1697; baseline 0.004 -29"><span class='ocrx_word' id='word_1_77' title='bbox 168 1594 274 1686; x_wconf 88' lang='lat' dir='ltr'>tribns</span> <span class='ocrx_word' id='word_1_78' title='bbox 291 1593 480 1696; x_wconf 87' lang='lat' dir='ltr'>usurpatis:</span> <span class='ocrx_word' id='word_1_79' title='bbox 496 1593 721 1688; x_wconf 77' lang='lat' dir='ltr'>Benedictione</span> <span class='ocrx_word' id='word_1_80' title='bbox 737 1596 850 1692; x_wconf 70' lang='lat' dir='ltr'>lupum</span> <span class='ocrx_word' id='word_1_81' title='bbox 863 1596 1000 1692; x_wconf 78' lang='lat' dir='ltr'>imponi,</span> <span class='ocrx_word' id='word_1_82' title='bbox 1017 1596 1209 1697; x_wconf 52' lang='lat' dir='ltr'>coniugum</span> <span class='ocrx_word' id='word_1_83' title='bbox 1221 1599 1281 1672; x_wconf 75' lang='lat' dir='ltr'>clr-</span> 
     </span>
     <span class='ocr_line' id='line_1_13' title="bbox 165 1707 1278 1808; baseline 0.003 -27"><span class='ocrx_word' id='word_1_84' title='bbox 165 1710 312 1807; x_wconf 76' lang='lat' dir='ltr'>eiqoort&#39;,</span> <span class='ocrx_word' id='word_1_85' title='bbox 332 1708 537 1807; x_wconf 79' lang='lat' dir='ltr'>sanctificari</span> <span class='ocrx_word' id='word_1_86' title='bbox 549 1722 717 1807; x_wconf 78' lang='lat' dir='ltr'>oportere,</span> <span class='ocrx_word' id='word_1_87' title='bbox 738 1707 881 1808; x_wconf 87' lang='lat' dir='ltr'>aliisque</span> <span class='ocrx_word' id='word_1_88' title='bbox 898 1707 1085 1797; x_wconf 86' lang='lat' dir='ltr'>eiusmodi,</span> <span class='ocrx_word' id='word_1_89' title='bbox 1099 1709 1133 1783; x_wconf 82' lang='lat' dir='ltr'>ei</span> <span class='ocrx_word' id='word_1_90' title='bbox 1149 1711 1225 1788; x_wconf 80' lang='lat' dir='ltr'>nnis</span> <span class='ocrx_word' id='word_1_91' title='bbox 1242 1711 1278 1785; x_wconf 85' lang='lat' dir='ltr'>in</span> 
     </span>
     <span class='ocr_line' id='line_1_14' title="bbox 169 1819 1280 1921; baseline 0.001 -24"><span class='ocrx_word' id='word_1_92' title='bbox 169 1822 376 1899; x_wconf 88' lang='lat' dir='ltr'>contextibus</span> <span class='ocrx_word' id='word_1_93' title='bbox 390 1821 632 1921; x_wconf 82' lang='lat' dir='ltr'>expendantur.</span> <span class='ocrx_word' id='word_1_94' title='bbox 644 1819 727 1894; x_wconf 79' lang='lat' dir='ltr'>Cum</span> <span class='ocrx_word' id='word_1_95' title='bbox 742 1846 821 1895; x_wconf 91' lang='lat' dir='ltr'>vero</span> <span class='ocrx_word' id='word_1_96' title='bbox 834 1819 1044 1911; x_wconf 82' lang='lat' dir='ltr'>Tertulliani,</span> <span class='ocrx_word' id='word_1_97' title='bbox 1059 1823 1186 1910; x_wconf 86' lang='lat' dir='ltr'>Sirieii,</span> <span class='ocrx_word' id='word_1_98' title='bbox 1201 1824 1280 1899; x_wconf 76' lang='lat' dir='ltr'>Am·</span> 
     </span>
     <span class='ocr_line' id='line_1_15' title="bbox 168 1934 1280 2032; baseline 0.004 -22"><span class='ocrx_word' id='word_1_99' title='bbox 168 1936 289 2025; x_wconf 91' lang='lat' dir='ltr'>brosii,</span> <span class='ocrx_word' id='word_1_100' title='bbox 306 1952 339 2010; x_wconf 87' lang='lat' dir='ltr'>et</span> <span class='ocrx_word' id='word_1_101' title='bbox 350 1935 480 2009; x_wconf 88' lang='lat' dir='ltr'>concilii</span> <span class='ocrx_word' id='word_1_102' title='bbox 495 1934 773 2032; x_wconf 79' lang='lat' dir='ltr'>carthaginiensis</span> <span class='ocrx_word' id='word_1_103' title='bbox 786 1935 839 2006; x_wconf 93' lang='lat' dir='ltr'>lV.</span> <span class='ocrx_word' id='word_1_104' title='bbox 851 1935 1041 2028; x_wconf 87' lang='lat' dir='ltr'>testimonia</span> <span class='ocrx_word' id='word_1_105' title='bbox 1057 1936 1202 2013; x_wconf 83' lang='lat' dir='ltr'>examini</span> <span class='ocrx_word' id='word_1_106' title='bbox 1213 1938 1280 2014; x_wconf 86' lang='lat' dir='ltr'>ori·</span> 
     </span>
     <span class='ocr_line' id='line_1_16' title="bbox 165 2048 1278 2156; baseline 0.001 -30"><span class='ocrx_word' id='word_1_107' title='bbox 165 2048 951 2149; x_wconf 81' lang='lat' dir='ltr'>ticoetexegeticoiamsubiecerimns,restatut</span> <span class='ocrx_word' id='word_1_108' title='bbox 964 2050 1278 2156; x_wconf 74' lang='lat' dir='ltr'>s.Basilii,ets.·Cp·</span> 
     </span>
     <span class='ocr_line' id='line_1_17' title="bbox 164 2162 1273 2265; baseline 0 -26"><span class='ocrx_word' id='word_1_109' title='bbox 164 2167 229 2240; x_wconf 94' lang='lat' dir='ltr'>rilli</span> <span class='ocrx_word' id='word_1_110' title='bbox 255 2164 462 2256; x_wconf 85' lang='lat' dir='ltr'>alexandrini</span> <span class='ocrx_word' id='word_1_111' title='bbox 482 2180 627 2238; x_wconf 88' lang='lat' dir='ltr'>mentem</span> <span class='ocrx_word' id='word_1_112' title='bbox 651 2163 688 2236; x_wconf 93' lang='lat' dir='ltr'>in</span> <span class='ocrx_word' id='word_1_113' title='bbox 713 2162 851 2239; x_wconf 88' lang='lat' dir='ltr'>obiectis</span> <span class='ocrx_word' id='word_1_114' title='bbox 877 2162 1022 2258; x_wconf 74' lang='lat' dir='ltr'>tentibus</span> <span class='ocrx_word' id='word_1_115' title='bbox 1047 2164 1273 2265; x_wconf 77' lang='lat' dir='ltr'>exploremus.</span> 
     </span>
    </p>

    <p class='ocr_par' dir='ltr' id='par_1_5' title="bbox 162 2278 1277 2722">
     <span class='ocr_line' id='line_1_18' title="bbox 236 2278 1277 2380; baseline 0.003 -26"><span class='ocrx_word' id='word_1_116' title='bbox 236 2284 307 2357; x_wconf 88' lang='lat' dir='ltr'>lam</span> <span class='ocrx_word' id='word_1_117' title='bbox 332 2308 424 2367; x_wconf 46' lang='lat' dir='ltr'>vero,</span> <span class='ocrx_word' id='word_1_118' title='bbox 442 2308 472 2354; x_wconf 89' lang='lat' dir='ltr'>s.</span> <span class='ocrx_word' id='word_1_119' title='bbox 498 2280 641 2354; x_wconf 88' lang='lat' dir='ltr'>Basilius</span> <span class='ocrx_word' id='word_1_120' title='bbox 665 2278 730 2355; x_wconf 85' lang='lat' dir='ltr'>loo.</span> <span class='ocrx_word' id='word_1_121' title='bbox 757 2280 813 2372; x_wconf 89' lang='lat' dir='ltr'>cit.</span> <span class='ocrx_word' id='word_1_122' title='bbox 843 2306 909 2354; x_wconf 90' lang='lat' dir='ltr'>nnn</span> <span class='ocrx_word' id='word_1_123' title='bbox 934 2279 1092 2380; x_wconf 86' lang='lat' dir='ltr'>loquitur</span> <span class='ocrx_word' id='word_1_124' title='bbox 1105 2280 1149 2355; x_wconf 92' lang='lat' dir='ltr'>de</span> <span class='ocrx_word' id='word_1_125' title='bbox 1171 2281 1277 2357; x_wconf 82' lang='lat' dir='ltr'>bene-</span> 
     </span>
     <span class='ocr_line' id='line_1_19' title="bbox 164 2394 1274 2495; baseline 0 -24"><span class='ocrx_word' id='word_1_126' title='bbox 164 2399 309 2483; x_wconf 87' lang='lat' dir='ltr'>dictione</span> <span class='ocrx_word' id='word_1_127' title='bbox 326 2396 543 2485; x_wconf 87' lang='lat' dir='ltr'>sacerdotali,</span> <span class='ocrx_word' id='word_1_128' title='bbox 564 2396 607 2468; x_wconf 91' lang='lat' dir='ltr'>de</span> <span class='ocrx_word' id='word_1_129' title='bbox 623 2421 691 2494; x_wconf 82' lang='lat' dir='ltr'>qua</span> <span class='ocrx_word' id='word_1_130' title='bbox 708 2421 750 2468; x_wconf 90' lang='lat' dir='ltr'>ne</span> <span class='ocrx_word' id='word_1_131' title='bbox 763 2394 901 2487; x_wconf 87' lang='lat' dir='ltr'>verbum</span> <span class='ocrx_word' id='word_1_132' title='bbox 919 2395 1054 2495; x_wconf 84' lang='lat' dir='ltr'>quidem</span> <span class='ocrx_word' id='word_1_133' title='bbox 1072 2394 1191 2485; x_wconf 89' lang='lat' dir='ltr'>habet,</span> <span class='ocrx_word' id='word_1_134' title='bbox 1211 2397 1274 2489; x_wconf 80' lang='lat' dir='ltr'>sed</span> 
     </span>
     <span class='ocr_line' id='line_1_20' title="bbox 162 2508 1273 2609; baseline -0.001 -25"><span class='ocrx_word' id='word_1_135' title='bbox 162 2510 282 2584; x_wconf 86' lang='lat' dir='ltr'>alludit</span> <span class='ocrx_word' id='word_1_136' title='bbox 294 2511 336 2584; x_wconf 86' lang='lat' dir='ltr'>ad</span> <span class='ocrx_word' id='word_1_137' title='bbox 350 2509 615 2586; x_wconf 86' lang='lat' dir='ltr'>benedictionem</span> <span class='ocrx_word' id='word_1_138' title='bbox 629 2512 731 2584; x_wconf 90' lang='lat' dir='ltr'>aDeo</span> <span class='ocrx_word' id='word_1_139' title='bbox 745 2508 1035 2609; x_wconf 84' lang='lat' dir='ltr'>protoparentibus</span> <span class='ocrx_word' id='word_1_140' title='bbox 1047 2508 1161 2602; x_wconf 88' lang='lat' dir='ltr'>datam</span> <span class='ocrx_word' id='word_1_141' title='bbox 1171 2535 1273 2601; x_wconf 63' lang='lat' dir='ltr'>„cum</span> 
     </span>
     <span class='ocr_line' id='line_1_21' title="bbox 164 2622 1269 2722; baseline 0.001 -27"><span class='ocrx_word' id='word_1_142' title='bbox 164 2625 307 2722; x_wconf 92' lang='lat' dir='ltr'>primum</span> <span class='ocrx_word' id='word_1_143' title='bbox 320 2622 510 2712; x_wconf 88' lang='lat' dir='ltr'>institutum·</span> <span class='ocrx_word' id='word_1_144' title='bbox 521 2623 564 2696; x_wconf 87' lang='lat' dir='ltr'>ab</span> <span class='ocrx_word' id='word_1_145' title='bbox 576 2623 689 2709; x_wconf 86' lang='lat' dir='ltr'>coluit</span> <span class='ocrx_word' id='word_1_146' title='bbox 701 2650 740 2697; x_wconf 89' lang='lat' dir='ltr'>ac</span> <span class='ocrx_word' id='word_1_147' title='bbox 753 2622 1166 2720; x_wconf 62' lang='lat' dir='ltr'>benedictum‘eoniugium</span> <span class='ocrx_word' id='word_1_148' title='bbox 1180 2624 1269 2720; x_wconf 78' lang='lat' dir='ltr'>(ti).</span> 
     </span>
    </p>

    <p class='ocr_par' dir='ltr' id='par_1_6' title="bbox 161 2736 1284 3386">
     <span class='ocr_line' id='line_1_22' title="bbox 234 2736 1271 2837; baseline 0.003 -29"><span class='ocrx_word' id='word_1_149' title='bbox 234 2739 269 2808; x_wconf 91' lang='lat' dir='ltr'>S.</span> <span class='ocrx_word' id='word_1_150' title='bbox 297 2736 443 2837; x_wconf 81' lang='lat' dir='ltr'>Cyrillua</span> <span class='ocrx_word' id='word_1_151' title='bbox 468 2736 555 2810; x_wconf 85' lang='lat' dir='ltr'>alex.</span> <span class='ocrx_word' id='word_1_152' title='bbox 584 2763 626 2809; x_wconf 89' lang='lat' dir='ltr'>ne</span> <span class='ocrx_word' id='word_1_153' title='bbox 650 2736 787 2811; x_wconf 86' lang='lat' dir='ltr'>verbnm</span> <span class='ocrx_word' id='word_1_154' title='bbox 813 2738 937 2836; x_wconf 88' lang='lat' dir='ltr'>pariter</span> <span class='ocrx_word' id='word_1_155' title='bbox 967 2736 1085 2825; x_wconf 86' lang='lat' dir='ltr'>habet,</span> <span class='ocrx_word' id='word_1_156' title='bbox 1107 2737 1203 2837; x_wconf 84' lang='lat' dir='ltr'>¹quod</span> <span class='ocrx_word' id='word_1_157' title='bbox 1228 2736 1271 2811; x_wconf 89' lang='lat' dir='ltr'>ad</span> 
     </span>
     <span class='ocr_line' id='line_1_23' title="bbox 163 2850 1284 2949; baseline 0 -22"><span class='ocrx_word' id='word_1_158' title='bbox 163 2851 399 2938; x_wconf 84' lang='lat' dir='ltr'>sacerdotalem</span> <span class='ocrx_word' id='word_1_159' title='bbox 423 2850 687 2924; x_wconf 85' lang='lat' dir='ltr'>benedictionem</span> <span class='ocrx_word' id='word_1_160' title='bbox 712 2850 892 2938; x_wconf 83' lang='lat' dir='ltr'>referetur,</span> <span class='ocrx_word' id='word_1_161' title='bbox 911 2851 971 2943; x_wconf 86' lang='lat' dir='ltr'>sed</span> <span class='ocrx_word' id='word_1_162' title='bbox 988 2851 1116 2949; x_wconf 79' lang='lat' dir='ltr'>agitde</span> <span class='ocrx_word' id='word_1_163' title='bbox 1132 2851 1191 2925; x_wconf 89' lang='lat' dir='ltr'>illa</span> <span class='ocrx_word' id='word_1_164' title='bbox 1213 2851 1284 2927; x_wconf 80' lang='lat' dir='ltr'>be·—</span> 
     </span>
     <span class='ocr_line' id='line_1_24' title="bbox 162 2964 1269 3066; baseline -0.003 -24"><span class='ocrx_word' id='word_1_165' title='bbox 162 2966 444 3066; x_wconf 74' lang='lat' dir='ltr'>nedictione,&#39;qua</span> <span class='ocrx_word' id='word_1_166' title='bbox 460 2966 602 3063; x_wconf 89' lang='lat' dir='ltr'>ipsemet</span> <span class='ocrx_word' id='word_1_167' title='bbox 618 2964 775 3056; x_wconf 81' lang='lat' dir='ltr'>Christus</span> <span class='ocrx_word' id='word_1_168' title='bbox 789 2965 940 3064; x_wconf 85' lang='lat' dir='ltr'>nuptias,</span> <span class='ocrx_word' id='word_1_169' title='bbox 958 2965 1083 3065; x_wconf 83' lang='lat' dir='ltr'>quibus</span> <span class='ocrx_word' id='word_1_170' title='bbox 1100 2965 1269 3054; x_wconf 84' lang='lat' dir='ltr'>interluit,</span> 
     </span>
     <span class='ocr_line' id='line_1_25' title="bbox 162 3079 1272 3178; baseline -0.002 -21"><span class='ocrx_word' id='word_1_171' title='bbox 162 3081 399 3169; x_wconf 83' lang='lat' dir='ltr'>sanctificavit,</span> <span class='ocrx_word' id='word_1_172' title='bbox 414 3079 495 3154; x_wconf 89' lang='lat' dir='ltr'>etin</span> <span class='ocrx_word' id='word_1_173' title='bbox 509 3079 577 3153; x_wconf 85' lang='lat' dir='ltr'>illis</span> <span class='ocrx_word' id='word_1_174' title='bbox 590 3079 726 3178; x_wconf 81' lang='lat' dir='ltr'>nuptias</span> <span class='ocrx_word' id='word_1_175' title='bbox 738 3097 857 3154; x_wconf 87' lang='lat' dir='ltr'>omnes</span> <span class='ocrx_word' id='word_1_176' title='bbox 866 3080 998 3170; x_wconf 82' lang='lat' dir='ltr'>suturas</span> <span class='ocrx_word' id='word_1_177' title='bbox 1008 3080 1095 3169; x_wconf 84' lang='lat' dir='ltr'>inter</span> <span class='ocrx_word' id='word_1_178' title='bbox 1107 3079 1272 3170; x_wconf 84' lang='lat' dir='ltr'>Christia-</span> 
     </span>
     <span class='ocr_line' id='line_1_26' title="bbox 161 3191 1271 3294; baseline 0.003 -26"><span class='ocrx_word' id='word_1_179' title='bbox 161 3222 241 3283; x_wconf 81' lang='lat' dir='ltr'>nos,</span> <span class='ocrx_word' id='word_1_180' title='bbox 257 3194 352 3294; x_wconf 21' lang='lat' dir='ltr'>&#39;quod</span> <span class='ocrx_word' id='word_1_181' title='bbox 369 3219 466 3268; x_wconf 91' lang='lat' dir='ltr'>nemo</span> <span class='ocrx_word' id='word_1_182' title='bbox 483 3218 643 3292; x_wconf 88' lang='lat' dir='ltr'>umquam</span> <span class='ocrx_word' id='word_1_183' title='bbox 661 3191 829 3271; x_wconf 86' lang='lat' dir='ltr'>inficiatus</span> <span class='ocrx_word' id='word_1_184' title='bbox 846 3209 898 3267; x_wconf 85' lang='lat' dir='ltr'>est</span> <span class='ocrx_word' id='word_1_185' title='bbox 914 3193 953 3286; x_wconf 87' lang='lat' dir='ltr'>in</span> <span class='ocrx_word' id='word_1_186' title='bbox 967 3220 1180 3294; x_wconf 82' lang='lat' dir='ltr'>quacumque</span> <span class='ocrx_word' id='word_1_187' title='bbox 1197 3220 1271 3271; x_wconf 87' lang='lat' dir='ltr'>sen-</span> 
     </span>
     <span class='ocr_line' id='line_1_27' title="bbox 161 3328 323 3386; baseline 0.006 -1"><span class='ocrx_word' id='word_1_188' title='bbox 161 3328 275 3386; x_wconf 83' lang='lat' dir='ltr'>tentia.</span> <span class='ocrx_word' id='word_1_189' title='bbox 320 3365 323 3371; x_wconf 86' lang='lat'><em>-</em></span> 
     </span>
    </p>
   </div>
   <div class='ocr_carea' id='block_1_3' title="bbox 160 3394 1315 3639">
    <p class='ocr_par' dir='ltr' id='par_1_7' title="bbox 160 3394 1315 3639">
     <span class='ocr_line' id='line_1_28' title="bbox 204 3394 1315 3522; baseline 0 -24"><span class='ocrx_word' id='word_1_190' title='bbox 204 3476 205 3481; x_wconf 20' lang='grc' dir='ltr'><strong>κ</strong></span> <span class='ocrx_word' id='word_1_191' title='bbox 233 3424 326 3510; x_wconf 86' lang='lat' dir='ltr'>Quae</span> <span class='ocrx_word' id='word_1_192' title='bbox 348 3426 532 3511; x_wconf 86' lang='lat' dir='ltr'>afferuntur</span> <span class='ocrx_word' id='word_1_193' title='bbox 548 3451 589 3498; x_wconf 86' lang='lat' dir='ltr'>ex</span> <span class='ocrx_word' id='word_1_194' title='bbox 604 3425 779 3512; x_wconf 83' lang='lat' dir='ltr'>Theodoro</span> <span class='ocrx_word' id='word_1_195' title='bbox 796 3394 921 3516; x_wconf 79' lang='lat' dir='ltr'>studita</span> <span class='ocrx_word' id='word_1_196' title='bbox 937 3424 1136 3501; x_wconf 87' lang='lat' dir='ltr'>contrarium</span> <span class='ocrx_word' id='word_1_197' title='bbox 1155 3394 1270 3522; x_wconf 85' lang='lat' dir='ltr'>potius</span> <span class='ocrx_word' id='word_1_198' title='bbox 1313 3434 1315 3439; x_wconf 80' lang='grc'><strong>’</strong></span> 
     </span>
     <span class='ocr_line' id='line_1_29' title="bbox 160 3537 1271 3639; baseline -0.002 -25"><span class='ocrx_word' id='word_1_199' title='bbox 160 3540 316 3617; x_wconf 85' lang='lat' dir='ltr'>evincunt</span> <span class='ocrx_word' id='word_1_200' title='bbox 339 3540 382 3613; x_wconf 87' lang='lat' dir='ltr'>ab</span> <span class='ocrx_word' id='word_1_201' title='bbox 407 3566 446 3626; x_wconf 81' lang='lat' dir='ltr'>eo</span> <span class='ocrx_word' id='word_1_202' title='bbox 470 3540 560 3639; x_wconf 91' lang='lat' dir='ltr'>quod</span> <span class='ocrx_word' id='word_1_203' title='bbox 583 3540 687 3614; x_wconf 81' lang='lat' dir='ltr'>huius</span> <span class='ocrx_word' id='word_1_204' title='bbox 712 3540 895 3614; x_wconf 87' lang='lat' dir='ltr'>sentcntiae</span> <span class='ocrx_word' id='word_1_205' title='bbox 912 3539 1042 3639; x_wconf 85' lang='lat' dir='ltr'>patroni</span> <span class='ocrx_word' id='word_1_206' title='bbox 1060 3537 1126 3612; x_wconf 87' lang='lat' dir='ltr'>sibi</span> <span class='ocrx_word' id='word_1_207' title='bbox 1142 3564 1271 3638; x_wconf 88' lang='lat' dir='ltr'>propo-</span> 
     </span>
    </p>
   </div>
   <div class='ocr_carea' id='block_1_4' title="bbox 157 3783 1270 4332">
    <p class='ocr_par' dir='ltr' id='par_1_8' title="bbox 157 3783 1270 4332">
     <span class='ocr_line' id='line_1_30' title="bbox 230 3783 1268 3854; baseline -0.007 -12"><span class='ocrx_word' id='word_1_208' title='bbox 230 3791 280 3854; x_wconf 78' lang='lat' dir='ltr'>(tt)</span> <span class='ocrx_word' id='word_1_209' title='bbox 298 3790 401 3841; x_wconf 86' lang='lat' dir='ltr'>Disserit</span> <span class='ocrx_word' id='word_1_210' title='bbox 411 3802 431 3840; x_wconf 85' lang='lat' dir='ltr'>s.</span> <span class='ocrx_word' id='word_1_211' title='bbox 439 3790 533 3840; x_wconf 81' lang='lat' dir='ltr'>Doctor</span> <span class='ocrx_word' id='word_1_212' title='bbox 541 3788 567 3838; x_wconf 90' lang='lat' dir='ltr'>in</span> <span class='ocrx_word' id='word_1_213' title='bbox 578 3788 624 3838; x_wconf 84' lang='lat' dir='ltr'>hac</span> <span class='ocrx_word' id='word_1_214' title='bbox 633 3788 736 3839; x_wconf 81' lang='lat' dir='ltr'>inmitia</span> <span class='ocrx_word' id='word_1_215' title='bbox 747 3788 779 3838; x_wconf 86' lang='lat' dir='ltr'>de</span> <span class='ocrx_word' id='word_1_216' title='bbox 789 3787 931 3852; x_wconf 85' lang='lat' dir='ltr'>reptilibus,</span> <span class='ocrx_word' id='word_1_217' title='bbox 942 3800 1047 3850; x_wconf 87' lang='lat' dir='ltr'>qnorum</span> <span class='ocrx_word' id='word_1_218' title='bbox 1063 3784 1186 3836; x_wconf 83' lang='lat' dir='ltr'>diversam</span> <span class='ocrx_word' id='word_1_219' title='bbox 1198 3783 1268 3835; x_wconf 86' lang='lat' dir='ltr'>indo·</span> 
     </span>
     <span class='ocr_line' id='line_1_31' title="bbox 158 3864 1269 3934; baseline -0.005 -14"><span class='ocrx_word' id='word_1_220' title='bbox 158 3872 223 3933; x_wconf 88' lang='lat' dir='ltr'>iem,</span> <span class='ocrx_word' id='word_1_221' title='bbox 232 3870 375 3934; x_wconf 80' lang='lat' dir='ltr'>instinctus,</span> <span class='ocrx_word' id='word_1_222' title='bbox 384 3882 463 3920; x_wconf 84' lang='lat' dir='ltr'>mores</span> <span class='ocrx_word' id='word_1_223' title='bbox 472 3869 581 3932; x_wconf 82' lang='lat' dir='ltr'>enarrat,</span> <span class='ocrx_word' id='word_1_224' title='bbox 591 3867 716 3918; x_wconf 86' lang='lat' dir='ltr'>acdeinde</span> <span class='ocrx_word' id='word_1_225' title='bbox 725 3868 752 3918; x_wconf 92' lang='lat' dir='ltr'>in</span> <span class='ocrx_word' id='word_1_226' title='bbox 761 3881 832 3918; x_wconf 88' lang='lat' dir='ltr'>sensu</span> <span class='ocrx_word' id='word_1_227' title='bbox 842 3864 1181 3930; x_wconf 79' lang='lat' dir='ltr'>moraiiccipsaadhomincs</span> <span class='ocrx_word' id='word_1_228' title='bbox 1188 3865 1269 3916; x_wconf 81' lang='lat' dir='ltr'>trans·</span> 
     </span>
     <span class='ocr_line' id='line_1_32' title="bbox 157 3942 1269 4013; baseline -0.007 -13"><span class='ocrx_word' id='word_1_229' title='bbox 157 3951 216 4012; x_wconf 80' lang='lat' dir='ltr'>ieri,</span> <span class='ocrx_word' id='word_1_230' title='bbox 229 3950 303 4013; x_wconf 84' lang='lat' dir='ltr'>etque</span> <span class='ocrx_word' id='word_1_231' title='bbox 311 3948 420 4000; x_wconf 83' lang='lat' dir='ltr'>indidem</span> <span class='ocrx_word' id='word_1_232' title='bbox 430 3949 503 3998; x_wconf 79' lang='lat' dir='ltr'>nacta</span> <span class='ocrx_word' id='word_1_233' title='bbox 512 3947 653 4010; x_wconf 82' lang='lat' dir='ltr'>ocensiom,</span> <span class='ocrx_word' id='word_1_234' title='bbox 663 3959 707 3997; x_wconf 87' lang='lat' dir='ltr'>eos</span> <span class='ocrx_word' id='word_1_235' title='bbox 716 3946 828 3997; x_wconf 73' lang='lat' dir='ltr'>hormtur</span> <span class='ocrx_word' id='word_1_236' title='bbox 836 3945 867 3997; x_wconf 89' lang='lat' dir='ltr'>ad</span> <span class='ocrx_word' id='word_1_237' title='bbox 877 3944 1016 3996; x_wconf 81' lang='lat' dir='ltr'>animorum</span> <span class='ocrx_word' id='word_1_238' title='bbox 1024 3943 1139 3994; x_wconf 84' lang='lat' dir='ltr'>unionem</span> <span class='ocrx_word' id='word_1_239' title='bbox 1146 3943 1172 3994; x_wconf 89' lang='lat' dir='ltr'>in</span> <span class='ocrx_word' id='word_1_240' title='bbox 1182 3942 1269 3993; x_wconf 87' lang='lat' dir='ltr'>coniu-</span> 
     </span>
     <span class='ocr_line' id='line_1_33' title="bbox 157 4021 1270 4093; baseline -0.007 -12"><span class='ocrx_word' id='word_1_241' title='bbox 157 4029 198 4093; x_wconf 77' lang='lat' dir='ltr'>gio</span> <span class='ocrx_word' id='word_1_242' title='bbox 214 4029 373 4091; x_wconf 78' lang='lat' dir='ltr'>servmdam,</span> <span class='ocrx_word' id='word_1_243' title='bbox 388 4042 418 4082; x_wconf 89' lang='lat' dir='ltr'>eo</span> <span class='ocrx_word' id='word_1_244' title='bbox 431 4027 499 4092; x_wconf 86' lang='lat' dir='ltr'>quod</span> <span class='ocrx_word' id='word_1_245' title='bbox 509 4027 649 4089; x_wconf 80' lang='lat' dir='ltr'>coniugium</span> <span class='ocrx_word' id='word_1_246' title='bbox 662 4026 696 4076; x_wconf 84' lang='lat' dir='ltr'>sit</span> <span class='ocrx_word' id='word_1_247' title='bbox 708 4026 810 4076; x_wconf 75' lang='lat' dir='ltr'>naturae</span> <span class='ocrx_word' id='word_1_248' title='bbox 823 4025 964 4087; x_wconf 81' lang='lat' dir='ltr'>vinculum,</span> <span class='ocrx_word' id='word_1_249' title='bbox 974 4024 1055 4088; x_wconf 76' lang='lat' dir='ltr'>etper</span> <span class='ocrx_word' id='word_1_250' title='bbox 1065 4021 1270 4075; x_wconf 71' lang='lat' dir='ltr'>benedictionem</span> 
     </span>
     <span class='ocr_line' id='line_1_34' title="bbox 157 4100 1270 4173; baseline -0.007 -13"><span class='ocrx_word' id='word_1_251' title='bbox 157 4112 205 4160; x_wconf 83' lang='lat' dir='ltr'>Det</span> <span class='ocrx_word' id='word_1_252' title='bbox 214 4109 298 4173; x_wconf 82' lang='lat' dir='ltr'>iugum</span> <span class='ocrx_word' id='word_1_253' title='bbox 308 4108 368 4172; x_wconf 87' lang='lat' dir='ltr'>ipsis</span> <span class='ocrx_word' id='word_1_254' title='bbox 377 4107 569 4172; x_wconf 53' lang='lat' dir='ltr'>impositum&amp;</span> <span class='ocrx_word' id='word_1_255' title='bbox 578 4106 725 4158; x_wconf 74' lang='lat' dir='ltr'>eiusrerm:</span> <span class='ocrx_word' id='word_1_256' title='bbox 735 4107 870 4166; x_wconf 74' lang='lat' dir='ltr'>«Quamvis</span> <span class='ocrx_word' id='word_1_257' title='bbox 878 4103 972 4155; x_wconf 85' lang='lat' dir='ltr'>externi</span> <span class='ocrx_word' id='word_1_258' title='bbox 981 4101 1095 4155; x_wconf 79' lang='lat' dir='ltr'>intervos</span> <span class='ocrx_word' id='word_1_259' title='bbox 1105 4100 1173 4165; x_wconf 82' lang='lat' dir='ltr'>sitis,</span> <span class='ocrx_word' id='word_1_260' title='bbox 1184 4101 1270 4152; x_wconf 67' lang='lat' dir='ltr'>umen</span> 
     </span>
     <span class='ocr_line' id='line_1_35' title="bbox 157 4180 1270 4252; baseline -0.005 -14"><span class='ocrx_word' id='word_1_261' title='bbox 157 4189 183 4238; x_wconf 91' lang='lat' dir='ltr'>in</span> <span class='ocrx_word' id='word_1_262' title='bbox 198 4189 306 4252; x_wconf 75' lang='lat' dir='ltr'>coniugii</span> <span class='ocrx_word' id='word_1_263' title='bbox 322 4188 463 4240; x_wconf 78' lang='lat' dir='ltr'>societatem</span> <span class='ocrx_word' id='word_1_264' title='bbox 479 4186 639 4238; x_wconf 84' lang='lat' dir='ltr'>convenistis:</span> <span class='ocrx_word' id='word_1_265' title='bbox 660 4185 707 4238; x_wconf 82' lang='lat' dir='ltr'>hoc</span> <span class='ocrx_word' id='word_1_266' title='bbox 723 4187 824 4236; x_wconf 85' lang='lat' dir='ltr'>naturae</span> <span class='ocrx_word' id='word_1_267' title='bbox 840 4183 978 4248; x_wconf 83' lang='lat' dir='ltr'>vinculum,</span> <span class='ocrx_word' id='word_1_268' title='bbox 989 4183 1037 4234; x_wconf 85' lang='lat' dir='ltr'>hoc</span> <span class='ocrx_word' id='word_1_269' title='bbox 1046 4183 1130 4247; x_wconf 76' lang='lat' dir='ltr'>iugum</span> <span class='ocrx_word' id='word_1_270' title='bbox 1141 4195 1185 4246; x_wconf 83' lang='lat' dir='ltr'>pet</span> <span class='ocrx_word' id='word_1_271' title='bbox 1194 4180 1270 4233; x_wconf 83' lang='lat' dir='ltr'>bene·</span> 
     </span>
     <span class='ocr_line' id='line_1_36' title="bbox 157 4264 835 4332; baseline -0.003 -14"><span class='ocrx_word' id='word_1_272' title='bbox 157 4267 289 4320; x_wconf 87' lang='lat' dir='ltr'>dictionem</span> <span class='ocrx_word' id='word_1_273' title='bbox 307 4267 461 4332; x_wconf 83' lang='lat' dir='ltr'>impositum,</span> <span class='ocrx_word' id='word_1_274' title='bbox 473 4266 617 4319; x_wconf 78' lang='lat' dir='ltr'>distantium</span> <span class='ocrx_word' id='word_1_275' title='bbox 627 4265 660 4317; x_wconf 84' lang='lat' dir='ltr'>sit</span> <span class='ocrx_word' id='word_1_276' title='bbox 670 4264 835 4317; x_wconf 74' lang='lat' dir='ltr'>coniunctio.»</span> 
     </span>
    </p>
   </div>
   <div class='ocr_carea' id='block_1_5' title="bbox 0 0 1440 5062">
    <p class='ocr_par' dir='ltr' id='par_1_9' title="bbox 0 0 1440 5062">
     <span class='ocr_line' id='line_1_37' title="bbox 0 0 1440 5062; baseline 0 4"><span class='ocrx_word' id='word_1_277' title='bbox 0 0 1440 5062; x_wconf 95' lang='lat' dir='ltr'> </span> 
     </span>
    </p>
   </div>
  </div>
 </body>
</html>
