2872 5062
237 368 285 441 26
440 387 502 437 un.
524 387 547 436 r.
568 384 655 437 saer.
678 386 701 435 1.
723 385 764 434 nr
781 383 914 434 mrem.
934 383 1149 434 stanneum.

231 529 337 605 quom
362 503 575 601 significant3
604 501 696 602 quod
722 515 850 600 septem
876 502 944 575 sint
967 515 1194 586 sacramente,
1222 517 1256 576 et
1278 527 1357 578 eon-

234 621 364 718 iugium
380 635 474 696 sexto
501 619 574 694 loco
600 619 695 718 ponit
722 620 810 713 (78).

308 738 468 834 Magister
489 744 729 809 sententiarum
755 759 816 808 scu
843 735 959 808 Petrus
984 734 1194 808 Lombardus
1216 734 1278 809 lib.
1300 737 1353 809 IV.

230 854 381 929 Sentent.
397 854 476 927 dist.
496 855 530 924 Ξ.
548 869 680 951 septem
699 869 733 925 ct
755 852 832 950 ipse
847 868 1001 923 numerat
1017 875 1124 924 novae
1140 849 1225 948 legis
1240 877 1360 927 sacra·

234 987 364 1057 menta,
393 995 433 1044 ac
457 968 601 1066 septimo
625 967 698 1041 loco
725 967 919 1063 coniugium
941 966 1047 1065 ponit.
1065 965 1258 1043 Praemisso
1276 992 1357 1044 veto

233 1088 269 1160 in
280 1087 362 1160 dist.
383 1089 417 1157 1.
435 1085 581 1183 generali
607 1084 800 1158 definitione
826 1084 1047 1169 sacramenti,
1077 1084 1169 1183 quod
1196 1084 1357 1169 nimirem

235 1205 284 1279 sit
305 1229 419 1276 samoe
435 1204 488 1274 rei
501 1204 653 1300 tiquam
680 1202 834 1301 pressius
858 1226 958 1275 vero:
983 1201 1285 1289 «Sacramentum,
1305 1203 1359 1274 in-

233 1320 328 1420 quit,
356 1319 494 1418 proprie
519 1319 642 1392 dicitur
665 1319 757 1418 quod
782 1319 829 1390 ita
849 1319 988 1414 signum
1005 1333 1057 1390 est
1074 1317 1202 1414 gratiae
1218 1318 1303 1404 Dei,
1324 1334 1359 1392 ot

231 1431 411 1507 invisibilis
432 1433 560 1530 gratiae
579 1433 705 1520 forma,
725 1449 763 1505 ut
779 1434 894 1532 ipsius·
916 1431 963 1504 rei
990 1429 1244 1504 similitudinem
1262 1449 1357 1529 gerat

231 1563 268 1621 et
292 1574 392 1620 causo
417 1550 567 1620 aristot.
591 1549 664 1622 Non
681 1550 761 1646 crgo
779 1547 992 1645 significandi
1018 1562 1146 1619 tantum
1171 1547 1281 1643 gratia
1300 1573 1357 1623 sa,

231 1679 405 1738 eramenta
428 1664 582 1736 instituta
607 1681 704 1751 sunt,
727 1665 788 1737 sed
814 1667 912 1736 ctiam
936 1663 1208 1763 sanctificandis»
1237 1665 1358 1738 transi·

233 1793 306 1852 tum
334 1779 457 1851 deinde
482 1780 562 1852 facit
575 1779 631 1851 ad
655 1779 900 1876 assignandum
930 1777 1112 1852 discrimen
1136 1777 1229 1877 quod
1252 1779 1357 1851 inter}

233 1895 369 1994 ponitur
380 1894 468 1966 inter
480 1911 690 1968 sacramenta
707 1895 792 1992 legis
809 1895 952 1982 veteris,
971 1910 1004 1966 et
1021 1909 1233 1967 sacramenta
1250 1918 1357 1970 novae

233 2007 337 2107 legis,
363 2009 516 2110 illudque
532 2011 567 2082 in
585 2011 831 2098 co-constituit,
853 2009 944 2110 quod
962 2010 1020 2082 illa
1035 2011 1260 2108 ciqoificareot
1282 2026 1357 2084 m

231 2127 324 2210 tam,
353 2124 439 2200 haec
463 2141 776 2225 autempraeterea
801 2126 943 2223 gratiam
968 2127 1152 2224 conferunt,
1183 2150 1356 2225 usurpans

229 2239 276 2313 ed
298 2240 364 2314 hoc
386 2241 490 2315 verba
513 2269 543 2314 s.
559 2241 739 2340 Augustini
756 2242 899 2316 dicentis
920 2241 1035 2340 «quia
1052 2241 1110 2313 illa
1123 2242 1356 2339 prornssubcot

233 2369 360 2429 tontum
377 2372 411 2428 et
426 2357 670 2456 sipoificoboot,
699 2356 786 2430 haec
810 2373 924 2430 autem
950 2356 1030 2429 dunt
1055 2355 1200 2429 salutern
1229 2360 1357 2456 (super

232 2470 323 2543 Psal.
339 2472 549 2568 amno.»
566 2471 719 2571 Cumque
741 2472 895 2545 definitio
919 2472 979 2544 toti
1004 2471 1143 2546 definito
1165 2489 1355 2572 competere

230 2585 372 2672 debeat,
388 2585 494 2685 liquet
509 2587 624 2685 ipsum
640 2586 761 2660 docere
785 2604 864 2660 tum.
882 2588 1075 2684 coniugium
1092 2604 1131 2660 ut
1146 2590 1264 2662 verum
1277 2590 1355 2688 pro·

232 2699 629 2800 priequesacramentum
642 2729 750 2776 novae
762 2702 1019 2800 legisaChristo
1031 2706 1223 2780 institutum
1231 2707 1350 2796 fuisse,

230 2821 281 2893 uti
299 2820 509 2897 sacramenta
525 2821 656 2922 reliqua
667 2881 675 2912 ,
687 2841 762 2896 tum
779 2825 920 2921 gratiam
938 2826 1104 2898 conferre:
1120 2825 1271 2926 alioquin
1288 2851 1353 2902 non

230 2935 520 3026 discriminaretur
531 2966 552 3012 a
564 2941 721 3038 coniugio
737 2939 772 3012 in
789 2942 892 3014 veteri
913 2941 998 3039 lege,
1022 2967 1121 3015 secus
1137 2968 1178 3015 ac
1195 2943 1272 3042 ipse
1294 2943 1354 3028 do

229 3054 337 3127 cuerit
360 3057 449 3150 (79).
468 3054 559 3142 Quid
582 3055 686 3154 igitur
710 3053 776 3129 sibi
801 3057 896 3143 vult,
925 3084 1030 3156 quum
1056 3053 1129 3130 sive
1154 3058 1189 3132 in
1214 3052 1297 3133 dist.
1315 3062 1349 3131 2.

227 3170 303 3242 sire
328 3169 363 3240 in
388 3170 469 3244 dist.
489 3174 547 3243 26.
564 3171 711 3245 affirmat
735 3173 983 3246 matrimonium
1006 3189 1083 3272 post
1101 3189 1280 3272 peceatum
1293 3168 1354 3248 da·

231 3302 303 3358 tum
323 3310 401 3359 esse
424 3288 460 3358 io
483 3288 690 3360 remedium?
712 3289 765 3363 Nil
788 3285 883 3362 'aliud
910 3290 1058 3390 profecto
1080 3316 1184 3389 quam
1209 3291 1351 3387 gratiam

230 3400 334 3473 huius
352 3405 550 3476 sacramenti
568 3403 740 3504 propriam
759 3421 913 3505 spectare
930 3407 1113 3505 praecipuo
1130 3407 1174 3479 ad
1190 3401 1352 3480 cohiben-

229 3517 307 3590 dam
333 3519 656 3618 concupiscentiam
681 3522 750 3593 dini
771 3523 964 3620 protospata,
985 3523 1208 3622 inpraesenti
1229 3513 1351 3624 nempe

229 3631 434 3706 infirmitatis
456 3635 661 3709 conditione:
680 3663 757 3708 nam
771 3636 861 3708 idom
874 3637 1031 3732 Magister
1052 3637 1198 3709 affirmet
1218 3637 1351 3710 institu-

231 3761 302 3820 tum
320 3765 491 3847 praeterea
515 3751 623 3826 fuisse
648 3751 839 3849 coniugium
861 3751 905 3824 ad
927 3769 1077 3825 mutuam
1103 3753 1285 3849 coniugum
1303 3753 1350 3826 [ο-

229 3865 372 3937 vendem
392 3866 605 3954 charitatem,
626 3883 660 3939 et
676 3866 727 3941 sic
741 3868 866 3940 referre
883 3893 944 3965 per
961 3893 1165 3942 consensum
1190 3869 1349 3943 unionem

301 4027 353 4089 (78)
368 4029 527 4077 sententiar.
538 4041 590 4090 par.
602 4032 633 4077 v.
644 4041 668 4077 c.
679 4035 702 4078 2.
716 4030 766 4079 eet
778 4032 815 4078 tt.

302 4108 353 4171 (79)
369 4110 422 4158 Hoc
433 4107 528 4158 vidite.
538 4108 659 4171 Thomas,
670 4108 714 4171 qui
725 4107 751 4156 tn
762 4107 820 4157 dist.
829 4115 868 4159 26,
877 4123 920 4172 qu.
931 4116 955 4159 t.
967 4111 1014 4159 art.
1024 4116 1047 4159 3.
1061 4128 1074 4152 α
1083 4108 1214 4171 Definitio,
1224 4107 1316 4171 inquit,
1327 4108 1350 4156 et

228 4187 358 4239 definitum
371 4188 461 4240 (lencm
475 4189 595 4240 convertt.
607 4188 656 4239 sod
665 4189 692 4238 in
705 4188 847 4240 definitione
862 4190 1008 4240 sacramenti
1022 4189 1122 4254 ponitur
1131 4187 1281 4240 camotttoc
1291 4200 1349 4253 μω·

229 4268 295 4327 ttae,
315 4268 385 4318 utin
403 4274 425 4319 t.
440 4268 497 4318 dist.
510 4267 598 4332 patuit.
609 4271 673 4331 Ergo
683 4281 741 4318 cum
755 4269 940 4320 matrimonium
955 4267 988 4318 ott
1002 4270 1199 4330 meromontem,
1213 4268 1262 4319 erit
1275 4278 1349 4319 cause

228 4344 346 4405 gratiae.»
