2872 5062
306 394 378 448 mr.
394 395 444 447 ιιι.
460 397 500 446 nn
517 393 677 448 mursano.
693 395 764 445 aar.
782 396 817 445 ιι.
835 394 953 446 anans.
970 395 1147 449 rmnrnou.
1226 379 1271 449 88

236 510 328 589 llaec
344 529 453 590 autem
471 528 599 615 patrum
617 508 808 588 testimonia
825 528 922 602 sunt,
938 540 1026 613 quae
1037 514 1081 588 ad
1095 541 1165 589 rem
1178 542 1273 599 suam

160 629 301 732 protulit
317 645 419 730 atque
435 629 602 726 exegetica
613 627 774 728 expendit
790 627 904 702 doctor
915 629 1000 728 Berg
1014 630 1184 728 professor
1200 652 1276 708 ura·

159 744 370 819 tislaviensis
395 747 459 840 (s).
481 742 614 830 Quibus
639 743 698 816 alii
724 743 926 817 subnectunt
949 758 1081 844 patmm
1106 760 1139 819 et
1163 748 1275 822 conoi-

160 858 281 934 liorum
305 860 446 932 usitatas
471 857 629 958 loquendi
655 858 835 946 lormulaS,
857 857 981 958 quibos
997 859 1157 948 traditur;
1180 862 1274 934 bene·

158 974 300 1049 dictione
325 976 438 1074 iopam
462 976 587 1074 imponi
592 1001 603 1059 ;
624 974 816 1072 coniugium
836 971 1006 1072 obsipnnrt'
1020 1001 1060 1049 ac
1076 973 1278 1076 sanctificari

156 1104 322 1188 oportere:
348 1115 409 1190 pro
439 1092 543 1189 apcius
575 1089 802 1162 benedictionis
834 1092 1015 1162 reverentia
1046 1091 1272 1188 virginitatem

158 1204 269 1304 prima
287 1218 383 1278 nocte
400 1202 618 1277 servandam:
636 1207 742 1276 instar
753 1206 923 1302 soerilepii
933 1230 1025 1292 esse,
1041 1200 1073 1278 si
1087 1204 1157 1277 ulla
1169 1203 1276 1280 trans·

156 1319 334 1418 gressiano
362 1319 525 1407 violetur;
553 1320 622 1392 nise
648 1321 710 1392 illo
734 1319 926 1417 coniugium
951 1314 1027 1394 assa
1051 1334 1180 1393 tantum
1215 1322 1275 1394 ln·

154 1459 294 1507 monam
317 1435 478 1534 officinm,
500 1434 569 1507 imo
581 1448 613 1506 et
625 1432 809 1532 periculum
827 1459 922 1522 esse,
939 1460 981 1507 ua
994 1433 1156 1508 habeatur
1168 1437 1275 1508 instar

158 1543 400 1648 subiectionis.
421 1549 471 1622 lta
484 1546 707 1622 Tertullianus
718 1545 776 1636 ‚s
793 1548 955 1637 Basilius,
977 1575 1006 1622 s.
1024 1549 1170 1649 Gyrillus
1183 1549 1270 1624 alex.

156 1689 189 1737 s.
204 1663 420 1751 Ambrosius,
440 1662 620 1737 concilium
640 1664 828 1762 carthagin.
845 1664 898 1736 lv.

232 1777 275 1849 Et
299 1801 398 1865 saue,
422 1792 459 1850 ut
483 1777 526 1850 de
551 1777 722 1851 nonnullis
747 1778 822 1851 istis
847 1764 1019 1866 dieamus,
1051 1773 1275 1855 Tertullianus

158 1887 341 1964 bisvarbis
352 1888 597 1964 benedictionis
615 1892 849 1964 necessitatem
868 1889 1027 1965 declarat.
1049 1891 1153 1968 uldeo
1170 1920 1274 1995 penes

161 2030 224 2080 uos
254 2005 403 2080 oomnltae
432 2000 598 2106 quaedam
629 2001 898 2093 coniunctiones,
929 2007 964 2077 id
993 2023 1046 2080 est
1080 2035 1145 2081 non
1180 2009 1274 2109 prius

158 2121 252 2222 apud
278 2121 454 2195 aeclesiam
479 2121 668 2222 professae,
689 2122 781 2193 iuxta
805 2121 992 2194 moechiam
1022 2136 1055 2195 et
1083 2123 1276 2198 fornicatio-

162 2263 242 2310 nem
259 2236 398 2310 iudicari
424 2236 653 2338 periclitantur
668 2238 740 2332 (10)
750 2265 781 2305 ,ιι
794 2237 827 2306 S.
839 2235 985 2309 Basilius
1003 2236 1046 2308 de
1063 2238 1275 2313 matrimonio

160 2377 280 2451 agens:
292 2351 448 2451 «Iugum,
460 2352 581 2453 inquit,
595 2378 654 2451 per
661 2350 930 2424 benedictionem
944 2352 1137 2451 impositum
1150 2348 1276 2426 distan-

160 2468 244 2541 tium
260 2465 307 2542 sit
326 2468 515 2542 coniunctio
532 2469 646 2564 (ll).»
658 2468 692 2538 S.
704 2467 844 2539 Sinicius
863 2466 898 2537 iu
918 2467 1016 2566 epist.
1029 2467 1072 2539 ad
1086 2467 1274 2540 Himerium

157 2596 325 2656 tarracon.
354 2580 485 2654 subdit:
518 2581 600 2654 «De
631 2580 798 2678 coniugali
827 2595 937 2653 autem
961 2579 1133 2654 velamine
1161 2581 1275 2680 requi·

159 2696 252 2784 sisti,
271 2696 304 2770 si
322 2695 560 2797 desponsatam
579 2694 638 2769 alii
661 2695 825 2796 puellam,
856 2695 944 2774 alter¹
964 2696 1000 2767 in
1025 2693 1274 2770 matrimonium

159 2809 267 2909 possit
291 2811 455 2909 accipere.
481 2810 552 2883 Hoc
583 2837 625 2883 ne
650 2809 707 2882 fiat
731 2809 842 2883 modis
867 2809 1023 2883 omnibus
1055 2809 1269 2898 inhibemus,

157 2924 243 3024 qnia
265 2924 326 2998 illo
353 2924 552 3009 benedictio,
578 2951 680 3025 quam
709 2939 874 3024 nupturae
908 2923 1065 2998 sacerdos
1100 2925 1266 3025 imponit,

157 3040 260 3141 apud.
274 3040 392 3115 lideles
416 3041 592 3114 cuiusdam
617 3040 784 3138 sacrilegii
810 3041 918 3113 instar
933 3043 1010 3125 est,
1032 3040 1061 3113 si
1079 3039 1149 3112 ulla
1166 3055 1272 3113 trans·

158 3156 333 3254 gressiano
341 3156 486 3232 violetur
496 3159 527 3251 (l
535 3159 609 3251 2).n
620 3158 654 3227 S.
664 3154 809 3256 Cyrillus
819 3155 904 3228 alex.
919 3154 1052 3228 scribit:
1069 3184 1086 3226 κ
1094 3155 1172 3254 lpse
1180 3154 1274 3227 Chri·

159 3287 231 3345 stus
255 3273 414 3346 invitatus
444 3272 506 3368 (ad
523 3273 682 3372 nuptias)
706 3271 797 3345 venit
819 3285 876 3343 nt.
894 3329 900 3340 .
919 3270 1161 3368 .generationis
1179 3271 1272 3369 prin-

159 3387 292 3487 cipium
312 3387 562 3476 sanctificaret,
595 3387 685 3487 quod
715 3386 758 3458 ad
789 3412 922 3459 carnem
951 3384 1110 3458 nimirum
1139 3386 1268 3459 attinet.

160 3500 387 3576 Conveniebat
398 3503 500 3589 enim,
517 3517 553 3574 ut
566 3503 624 3602 qni
639 3502 790 3574 naturam
809 3502 918 3601 ipsam
936 3500 1084 3573 hominis
1104 3499 1275 3574 renovatu-

160 3643 215 3690 rus
232 3632 320 3690 erat.
337 3677 343 3689 .
358 3644 444 3691 .non
462 3616 571 3690 solnm
589 3618 645 3704 iis,
666 3617 725 3717 qui
743 3618 810 3689 iam
837 3618 872 3687 iu
897 3616 1005 3689 ortum
1029 3617 1138 3689 vocati
1163 3631 1269 3700 erant,

160 3729 425 3806 benedictionem
451 3733 692 3832 impertiretur,
718 3731 778 3804 sed
796 3748 828 3803 et
846 3731 888 3804 iis
914 3756 1060 3830 quoque,
1081 3731 1138 3829 qui
1157 3744 1272 3830 postea

159 3847 320 3921 nascituri
352 3861 482 3933 essent,
512 3845 653 3943 gratiam
688 3859 931 3944 praestrueret,
960 3859 1131 3918 eteorum
1165 3857 1272 3916 ortum

231 4087 483 4153 &wama

229 4168 280 4231 (ro)
293 4167 349 4217 Lib.
359 4166 520 4232 Depudtctt.
530 4180 585 4231 cap.
596 4169 639 4218 lv.

226 4247 277 4310 (tt)
294 4250 322 4297 lu
338 4247 520 4298 Hwntntcron
532 4247 736 4298 hom.vl1.tom.
750 4249 770 4296 1.
781 4259 838 4310 pag.
849 4253 889 4297 ιι.
899 4244 940 4297 ed.
952 4247 1031 4296 Maur.

229 4326 281 4391 (ιι)
295 4326 374 4390 Epist
384 4329 404 4379 l.
416 4327 447 4378 sd
460 4327 844 4391 uimer.‹e.1v.apudcoustaut
860 4327 946 4392 Eptst.
956 4337 1022 4376 rom.
1029 4325 1104 4388 pont.
1114 4321 1163 4373 nr.
1173 4327 1229 4374 ιιι,
