2872 5062
341 400 409 450 οιι.
426 400 473 450 ιιι.
491 400 531 449 ιι
548 400 679 450 ιιιιιιιιι.
696 398 808 450 errius
825 400 916 450 anon.
933 400 1003 450 mr.
1021 401 1066 450 ιιι.
1194 381 1262 449 stt

156 523 250 594 Tunc
275 533 405 606 autem,
432 519 537 594 variis
557 545 667 594 rerum
685 519 959 593 concurrentibus
977 518 1145 592 adiunctis
1163 545 1202 593 ao
1219 524 1266 595 vi-

157 634 433 722 cissitudinibus,
462 634 594 708 lacilins
620 660 696 708 sese
720 632 971 708 accommodant
995 635 1145 733 opinioni
1171 663 1266 735 prae-

154 752 297 838 valenti,
326 776 366 824 ac
389 740 530 837 cedunt,
559 749 734 850 legemque
759 752 893 824 demum
919 750 1092 848 abrogant.

232 868 396 939 Rursum:
411 864 613 952 violentum,
626 865 781 939 exueteri
795 865 935 962 adagio,
949 865 1033 937 nihil
1045 864 1208 939 durabile.
1225 866 1268 940 At

157 1007 236 1056 vero
260 978 440 1054 violentam
455 979 519 1053 sub
532 981 652 1079 quovis
665 997 817 1078 respectu
829 982 1031 1054 censendam
1049 980 1156 1077 legem
1169 1008 1263 1069 esse,

158 1095 260 1198 quam
287 1121 538 1195 oppugnamus,
567 1095 683 1195 ecquis
708 1096 851 1168 inficiari
870 1094 1012 1195 poterit?
1030 1097 1126 1194 lpsa,
1156 1111 1192 1168 ut
1216 1096 1267 1169 vi-

158 1214 291 1299 dimus,
319 1212 388 1286 vim
414 1212 514 1282 insert
530 1210 692 1283 ecclesiae
709 1210 891 1284 catholicae
908 1212 1078 1284 doctrinae
1103 1226 1135 1284 ct
1152 1212 1262 1310 praxi,

157 1353 246 1427 quae
271 1340 475 1400 contractum
501 1324 709 1421 coniugalem
728 1351 817 1397 mere
834 1324 966 1398 civilem
984 1324 1107 1397 nedum
1131 1325 1268 1399 admisit

157 1468 337 1541 umquam,
365 1439 469 1513 immo
495 1466 571 1512 eum
599 1440 728 1513 irritum
753 1439 887 1527 habuit,
916 1456 949 1512 et
965 1439 1067 1512 babet
1083 1441 1183 1512 etiam
1202 1441 1267 1513 snb

158 1557 290 1630 ratione
314 1557 523 1642 contractus,
558 1580 598 1626 ex
622 1581 690 1654 quo
723 1555 901 1628 tridentina
929 1555 1058 1629 sanctio
1089 1556 1267 1630 constituta

158 1687 238 1758 est,
267 1686 301 1744 et
324 1686 494 1769 tamqnam
522 1669 736 1744 inhonestum
766 1670 1024 1744 concubinatum
1056 1671 1186 1759 reioiit,
1216 1699 1268 1744 re-

160 1787 300 1886 probat,
328 1787 475 1858 damnat.
496 1786 567 1857 Vim
594 1786 693 1859 infert
720 1786 946 1860 conscientiae
974 1786 1149 1886 publicae,
1181 1814 1267 1886 quae

158 1901 344 2000 generatim
369 1916 448 1974 nota
472 1927 546 1974 eam
572 1899 677 1998 legem
696 1901 799 1973 inurit
815 1902 983 1974 teterrima
1000 1902 1263 2000 reprobationis,

159 2031 275 2116 utpote
299 2016 443 2090 alienam
469 2014 512 2088 ab
538 2016 688 2114 antiquis
707 2041 747 2088 ιο
767 2016 991 2089 severioribus
1008 2016 1267 2091 christianorum

160 2132 324 2205 moribus.
344 2133 417 2204 Vim
435 2130 534 2202 insert
551 2131 708 2231 publicae
724 2131 911 2218 honestati,
933 2158 1021 2230 quae
1038 2133 1200 2232 perillam
1213 2159 1268 2208 va-

138 2272 140 2274 ·
160 2248 223 2322 riis
237 2246 423 2321 rationibus
443 2245 586 2320 laeditur
598 2272 637 2320 ac
655 2262 843 2319 temeratur.
860 2247 932 2317 Vim
950 2247 1049 2321 insert
1064 2247 1267 2320 familiarum

160 2363 239 2463 paci
265 2387 304 2435 ιο
328 2362 470 2447 unitati,
500 2387 587 2459 quae
612 2377 787 2460 propterea
817 2360 981 2459 quatitur,
1007 2362 1263 2460 pessumdatur,

162 2477 356 2552 destruitur.
377 2475 450 2548 Vim
475 2475 574 2548 infert
599 2475 667 2574 ipsi
692 2474 848 2575 politicae
873 2476 1044 2563 societati,
1065 2503 1152 2577 qnae
1170 2503 1268 2574 aegre
1387 2488 1393 2499 ‘

162 2592 226 2667 lert
250 2591 411 2666 scandala
427 2617 535 2690 eaque
552 2590 751 2690 multiplicia
767 2618 807 2664 ex
825 2592 899 2691 ipsa
916 2591 988 2689 lege
1015 2595 1264 2691 promanantia,

162 2723 232 2780 tum
251 2731 292 2778 ex
309 2721 403 2805 parte
417 2705 604 2804 peditornm
618 2706 791 2779 hominum
803 2706 956 2793 illorum,
972 2706 1030 2804 qni
1045 2705 1268 2780 inverecunde

161 2820 326 2895 insultant
351 2848 447 2895 verae
473 2820 647 2918 religioni,
676 2836 745 2893 tum
763 2848 802 2893 ex
821 2838 915 2920 parte
933 2848 1066 2908 eorum,
1088 2822 1147 2920 qui
1165 2848 1268 2920 pravo

162 2935 316 3034 exemplo
339 2935 468 3008 seducti
494 2961 534 3006 ex
558 2934 704 3034 quadam
729 2936 833 3008 animi
860 2936 1053 3007 infirmitate
1078 2934 1186 3035 abripi
1212 2962 1269 3035 pa·

163 3050 293 3125 tinntur
316 3049 358 3123 ed
384 3050 601 3124 imitationem
627 3077 762 3138 eornm,
792 3052 851 3150 qui
875 3051 921 3124 ita
946 3077 987 3123 ex
1012 3050 1180 3123 destinata
1202 3078 1270 3126 ma·

164 3165 237 3239 litia
262 3192 300 3239 se
324 3181 452 3263 gerunt.
799 3260 800 3263 Ἴ

166 3372 170 3379 ⁸
223 3268 330 3379 ¹llaec
345 3293 454 3352 autem
472 3281 583 3352 omnia
601 3280 839 3354 confirmantur
856 3280 925 3378 iugi
942 3280 1146 3378 experientia
1157 3305 1270 3381 ,qnae

165 3418 228 3467 nos
253 3394 349 3467 docet
373 3409 442 3466 tum
468 3395 674 3494 antiquitus,
702 3413 773 3468 tum
790 3397 933 3469 maxime
951 3411 1058 3470 aetate
1074 3396 1139 3470 hac
1155 3413 1271 3471 nostra

165 3534 283 3584 omnes
301 3509 466 3583 eiusmodi
486 3510 595 3609 leges,
617 3537 703 3610 quae
720 3511 772 3584 vel
790 3512 962 3584 offendunt
980 3512 1189 3587 honestatem
1208 3541 1271 3613 pu-

163 3622 310 3725 blicam,
338 3625 392 3699 nel
416 3625 554 3699 laedunt
579 3628 655 3698 iura>
677 3626 860 3715 ecclesiae,
887 3626 940 3701 vel
972 3655 1059 3729 quae
1084 3655 1104 3702 ι
1135 3629 1271 3728 publica

163 3738 322 3840 opinione
347 3738 584 3838 reprobantur,
612 3739 664 3812 vel
690 3766 777 3839 quae
802 3741 906 3814 indoli
925 3742 1124 3840 populorum
1142 3768 1182 3815 ac
1199 3768 1271 3815 mo-

162 3852 260 3925 ribus
284 3851 468 3926 universim
494 3854 634 3951 receptis
653 3854 890 3944 adversantur,
911 3856 994 3927 nihil
1014 3856 1168 3954 obstante
1191 3881 1271 3954 quo

163 3967 217 4040 vis
243 3967 444 4064 legislatoris
470 3985 606 4056 conatu,
636 3985 738 4068 atque
761 3970 943 4044 obsistente
968 3970 1103 4070 politica
1128 3970 1272 4042 auctori-

165 4097 261 4170 tate,
295 4078 454 4173 debuisse
483 4099 541 4180 aut
574 4085 749 4183 temperari
782 4102 839 4186 aut
871 4086 1036 4185 abrogari.
1058 4085 1109 4157 nd
1139 4100 1270 4184 tempus

165 4183 305 4296 quidem
322 4188 551 4296 perdurarunt>
564 4199 664 4274 etiam
683 4185 889 4289 diuturnum,
900 4229 940 4276 eo
952 4201 1041 4301 quod
1060 4227 1127 4275 non
1144 4227 1271 4300 paucae

164 4339 205 4383 ex
230 4312 287 4385 bis
312 4313 444 4411 legibus
464 4315 621 4389 sullnltae
637 4332 751 4390 essent
768 4342 934 4391 armorum
953 4331 1134 4416 apparatu,
1156 4342 1195 4390 ac
1212 4316 1272 4390 mi·
