2872 5062
232 368 299 439 est
438 387 498 436 mn.
520 387 544 434 1.
566 384 652 435 scor.
673 385 800 433 aarum.
822 385 862 432 nu
879 383 1009 434 aarum.
1031 383 1136 433 untur.

231 524 351 580 nuente
369 507 522 602 coniuge.
545 505 652 575 Astis
670 528 735 575 uon
753 503 986 575 animadvertit
1008 519 1044 574 ut
1064 502 1244 601 plurimum
1267 504 1336 577 loe-

231 625 356 696 minam
388 647 484 707 esse,
521 646 608 719 quae
640 646 840 693 consensum
871 620 991 692 elicere
1022 615 1119 692 vellet
1145 643 1256 692 coram
1280 645 1336 690 ec-

231 739 356 822 clesia,
375 762 463 835 quae
483 751 602 808 natura
620 760 680 806 sua
697 734 820 807 debilis
847 759 886 806 ac
913 733 1056 810 infirma,
1071 749 1147 819 est,
1176 735 1338 834 timetque

231 879 268 925 se
292 876 402 924 coram
422 850 616 947 magistratu
635 849 724 921 hunc
741 850 776 920 in
795 849 894 920 linem
917 849 1055 933 sistere;
1077 848 1219 947 insuper
1234 874 1341 946 quae-

232 967 376 1051 stiones,
392 991 478 1064 quae
491 965 619 1037 institui
641 964 816 1050 deberent,
834 964 993 1063 temporis
1013 989 1140 1037 moram
1153 981 1341 1063 exposcunt

232 1090 332 1182 atque
351 1083 543 1180 impensas,
564 1097 741 1180 antequam
759 1079 802 1152 ad
821 1080 1020 1153 sententiam
1039 1079 1264 1177 separationis
1280 1079 1340 1152 de-

231 1201 396 1272 veniatur.
425 1197 562 1270 Interim
588 1197 663 1295 ipsa
692 1195 864 1269 molestias
891 1221 930 1268 ac
953 1194 1146 1269 vexationes
1180 1194 1336 1293 patitur,

232 1314 314 1413 quid
334 1314 436 1408 igitur
459 1338 500 1386 eo
525 1314 684 1412 temporis
705 1312 878 1386 intervallo
900 1327 994 1408 aget,
1024 1325 1082 1383 aut
1105 1310 1276 1409 quomodo
1304 1336 1341 1383 se

232 1427 348 1525 geret?
366 1427 494 1501 Deinde
514 1428 680 1516 eiusmodi
701 1428 854 1502 clausula
878 1452 988 1500 nonne
1013 1426 1096 1500 soret
1119 1425 1206 1523 legis
1230 1425 1340 1526 ipsius

233 1543 422 1627 damnatio,
452 1558 521 1614 tum
551 1543 631 1641 quia
657 1543 744 1616 lacto
769 1544 845 1641 ipso
869 1542 1101 1615 ostenderetur
1132 1542 1166 1612 in
1198 1541 1340 1614 dubium

235 1657 380 1730 revocari
407 1655 650 1752 legitimitatem
670 1656 820 1730 civilium
845 1657 1057 1756 nuptiarum;
1079 1671 1149 1728 tum
1174 1657 1258 1755 quia
1282 1681 1341 1729 ea·

234 1770 386 1843 mmdem
408 1768 703 1844 dissolubilitntem
729 1770 782 1843 lex
807 1771 885 1869 ipsa
909 1769 1212 1844 decemeretllloo
1237 1770 1341 1867 igitur

234 1885 394 1982 effugium
419 1884 526 1981 legem
552 1886 640 1958 hanc
665 1911 685 1957 a
710 1886 861 1983 nequitia
879 1911 944 1959 non
963 1885 1124 1972 solveret,
1147 1885 1208 1958 sed
1231 1883 1342 1959 solum

189 2053 191 2056 ι
234 2001 491 2101 imprudentiam
517 2000 718 2098 legislatoris
744 2001 955 2099 patefaceret.

307 2116 499 2203 Praeterea,
524 2117 553 2189 si
572 2117 630 2215 qui
653 2114 795 2202 horum,
817 2116 874 2214 qui
893 2115 1029 2188 inierint
1046 2115 1162 2189 civiles
1181 2117 1340 2215 nuptias,

235 2233 400 2304 scenicam
429 2257 526 2304 suam
551 2230 834 2317 coniunctionem,
855 2230 1098 2328 quamoptime
1120 2244 1243 2303 norunt
1268 2228 1345 2303 nul-

235 2348 301 2421 lius
318 2370 394 2420 esse
406 2346 543 2432 valoris,
559 2346 683 2420 vellent
699 2346 904 2432 dissolvere,
926 2372 1030 2446 seque
1046 2371 1122 2418 cum
1141 2344 1248 2419 altera
1264 2371 1344 2419 con-

235 2463 313 2558 iuge
329 2461 479 2558 legitimo
496 2478 680 2561 sanctoque
696 2461 830 2535 unculo
845 2459 1071 2558 obstringere,
1091 2461 1115 2532 ii
1133 2486 1195 2560 per
1211 2459 1340 2559 legem,

235 2603 324 2675 quae
352 2577 467 2650 civilia
496 2576 604 2650 sancit
634 2577 815 2673 coniugia,
850 2577 952 2650 insita
982 2575 1134 2650 libertate
1158 2576 1202 2649 ad
1227 2600 1344 2648 verum

235 2693 482 2765 matrimonium
509 2690 692 2763 ineundum
711 2693 745 2762 in
763 2693 848 2765 facie
864 2691 1027 2766 ecclesiae
1051 2692 1237 2791 privantur.
1259 2693 1341 2764 Nam

235 2805 288 2878 lex
302 2806 337 2876 in
351 2805 423 2879 loro
440 2832 502 2879 suo
515 2807 564 2880 uti
578 2806 763 2905 legitimum
781 2805 883 2881 habet
899 2807 998 2881 civile
1016 2807 1232 2904 coniugium,
1255 2807 1345 2880 ideo

235 2948 301 3022 qne
319 2922 466 3023 exceptis
492 2923 625 2996 divortii
650 2924 764 2997 causis
782 2922 825 2996 ab
838 2923 955 2998 eadem
972 2923 1047 3022 lege
1065 2924 1220 3011 statutis,
1239 2921 1344 2998 viola·

236 3039 361 3111 tionem
380 3038 538 3111 connubii
564 3063 675 3112 coram
692 3039 888 3136 magistratu
908 3040 981 3112 initi
1000 3063 1184 3137 numquam
1204 3037 1344 3136 permit-

237 3166 294 3240 tet,
311 3168 370 3225 aut
383 3152 566 3251 aliquando
579 3153 769 3252 permittere
782 3155 914 3253 poterit,
932 3154 961 3227 si
975 3153 1040 3226 sibi
1053 3153 1233 3226 cohaerere
1244 3151 1341 3237 relit;

236 3266 352 3340 civiles
378 3267 536 3340 nimirum
565 3269 781 3366 magistratus
813 3269 1013 3343 sententiam
1039 3268 1151 3342 dicent
1182 3267 1345 3342 adversus

237 3407 334 3468 eum,
356 3381 414 3480 qui
433 3382 507 3455 sine
525 3407 628 3456 causa
645 3385 779 3459 divortii
793 3384 900 3483 alege
917 3401 1041 3459 statuta
1054 3385 1256 3485 resipiscere
1271 3408 1347 3457 con-

238 3494 495 3569 tenderetflinc
504 3515 653 3596 apparet,
662 3500 831 3599 quomodo
839 3499 893 3573 lex
902 3500 1058 3574 sanciens
1067 3497 1179 3577 civilia
1187 3499 1347 3597 coniugia

236 3612 305 3684 vim
322 3611 444 3712 inserat
461 3613 704 3703 conscientiae,
721 3615 909 3690 libertatem
926 3615 1020 3689 tollat
1036 3614 1185 3712 legitime
1197 3613 1347 3687 nubendi

238 3728 273 3798 in
291 3726 377 3800 facie
395 3727 571 3815 ecclesiae,
587 3755 628 3803 ac
643 3730 784 3829 proinde
803 3731 998 3805 consulendi
1017 3730 1175 3830 propriae
1189 3729 1304 3804 saluti.

309 3844 418 3917 Maius
444 3845 545 3919 robur
570 3846 660 3919 idem
686 3864 918 3944 argumentum
945 3847 1089 3946 acquirit
1105 3873 1146 3920 ex
1163 3871 1225 3933 eo,
1254 3845 1344 3945 quod

238 3959 291 4032 lex
309 3985 369 4058 per
386 3960 553 4033 fictionem
571 3959 712 4057 legalem
730 3960 904 4035 abstrahat
923 3987 964 4035 ac
985 3960 1199 4061 praescindat
1223 3985 1244 4034 a
1269 3959 1347 4032 reli-

237 4076 336 4170 gione
347 4125 362 4163 ,›
376 4075 505 4149 scilicet
521 4075 565 4146 ab
582 4075 725 4150 ecclesia
743 4077 918 4166 catholica,
940 4078 975 4147 in
993 4075 1066 4149 suis
1084 4075 1249 4149 articulis.
1273 4073 1348 4160 Quo

238 4189 293 4276 tit,
321 4207 358 4262 ut
384 4217 445 4264 neo
470 4209 687 4289 recognoscat
711 4192 951 4291 impedimenta
980 4191 1024 4264 ab
1048 4189 1192 4267 ecclesia
1225 4191 1348 4264 consti·

240 4321 327 4394 tuta,
356 4332 395 4381 ao
419 4333 524 4396 nova,
552 4334 641 4408 quae
665 4308 708 4381 ab
733 4309 876 4383 ecclesia
902 4334 968 4382 non
994 4307 1236 4396 admittuntur,
1266 4306 1347 4383 suo
