2872 5062
230 391 640 443 mortuummare-nr
654 381 1164 443 urusronnnr.1.tnnc·.nitrum.
1197 360 1263 442 sstt

155 510 367 584 conditiones
393 509 613 584 determinant
636 508 763 609 quoad
772 511 885 596 ritus,¹
895 499 1120 599 ceremonias,
1140 502 1263 602 locum,

158 642 309 724 tompus,
331 650 492 754 personas
512 625 647 726 aliaque
671 625 849 699 eiusmodi
871 625 945 736 Qua
966 629 1141 736 posteriori
1163 630 1268 726 signi¹

158 738 315 813 ficatione
335 740 447 839 reipsa
473 756 679 813 sacramenta
700 740 812 813 omnia
836 731 997 814 ministris
1023 741 1167 814 Christi
1164 730 1202 815 et
1221 743 1270 814 di-

157 847 413 968 sponsatorihus
431 847 668 965 mysteriorum
680 855 759 941 Dei,
783 880 843 928 seu
864 855 977 954 potius
992 845 1171 966 ecclesiae
1179 861 1269 966 'corn

158 971 265 1042 missa
290 984 390 1055 sunt,
418 969 585 1070 adeoque
593 986 628 1043 et
652 985 895 1043 sacramentum
913 958 1156 1058 matrimonii,
1172 959 1269 1044 cuius

156 1083 305 1182 legitima
339 1077 604 1196 administratio
608 1085 661 1158 uh
690 1074 839 1159 ecclesia
866 1085 1064 1185 dependet,
1103 1073 1137 1157 in
1151 1087 1269 1184 priori

156 1220 235 1274 vero
255 1200 503 1297 significatione·
523 1191 590 1273 non
607 1201 686 1273 item
697 1222 710 1288 ,³
727 1218 803 1274 cum
816 1201 892 1274 laici
909 1202 944 1272 in
962 1202 1171 1275 necessitatis
1185 1203 1269 1275 casir

156 1314 326 1413 baptisma
348 1307 499 1390 conferre
518 1305 668 1425 possint,
685 1333 789 1416 etqui
777 1302 996 1390 sacerdotes
1009 1304 1161 1390 nondum
1169 1332 1267 1406 sunt,

159 1429 207 1501 uti
229 1431 383 1518 diaconi,
408 1447 552 1542 possunt
575 1431 758 1539 interdum
766 1432 1006 1538 eucharistiam
1032 1432 1216 1537 porrigere,
1235 1418 1270 1503 ih

157 1571 240 1618 casu
256 1537 335 1620 vero
353 1562 467 1620 nostro
479 1534 543 1619 suh
555 1547 716 1654 ecclesiae
734 1546 896 1645 regimine
913 1547 1167 1652 contrahentes
1158 1573 1271 1655 rpsum

157 1661 342 1735 conficiunt
359 1663 562 1735 matrimonii
580 1678 836 1735 sacramentum.
859 1663 929 1736 lla'c
947 1688 1047 1769 porro
1047 1646 1273 1768 animaduor-

159 1777 255 1850 sione
271 1777 334 1849 rite
355 1777 462 1850 otiam
477 1779 686 1885 componitur
712 1764 878 1851 illorum
870 1793 1085 1876 interpretum
1107 1761 1272 1885 expositio

161 1890 290 1990 paulini
314 1906 421 1999 textus
432 1893 521 1991 ,qui
546 1893 726 1966 extendunt
754 1894 854 1966 etiam
884 1892 926 1965 ad
956 1904 1162 1965 sacramenta
1186 1910 1274 1992 quae

156 2005 340 2121 Apostolus
363 1994 524 2105 expresse
547 2009 591 2080 de
614 2009 860 2114 praedicatione
885 2009 1022 2113 scripsit
1044 2005 1246 2106 evangelica.

231 2112 327 2196 Nunc
352 2121 521 2231 coronidis
547 2123 654 2220 gratia
678 2123 856 2196 adiicimus
878 2150 929 2195 ne
942 2149 1047 2195 unum
1072 2122 1223 2226 quidem
1233 2146 1274 2194 ex

163 2237 332 2348 patribus,
357 2223 445 2345 qui
441 2239 545 2312 hanc
554 2239 730 2367 epistolam
751 2239 893 2339 primam
905 2237 953 2310 ad
969 2237 1170 2339 Corinthios
1177 2262 1275 2336 expo

162 2367 319 2441 suerunt,
343 2353 484 2426 inveniri
496 2353 583 2458 ,qui
608 2353 817 2455 propositum
840 2366 961 2424 textum
986 2350 1029 2423 de
1051 2334 1276 2481 sacramento-

159 2494 233 2541 rum
259 2411 549 2575 administratione
574 2466 782 2541 intellexerit
1207 2478 1211 2484 “

186 2583 281 2655 llx
307 2583 397 2656 his'
387 2610 455 2656 ram
481 2584 558 2656 licet
588 2583 750 2655 iudicium
783 2583 869 2656 ferre
900 2582 943 2683 de
967 2582 1061 2680 gravi
1084 2562 1275 2654 assertione

160 2686 342 2772 doctissimi
352 2700 494 2797 theoloqt‘
510 2700 650 2772 Mariani
664 2683 873 2803 Uohmayer,
894 2700 952 2797 qui
973 2697 1089 2771 statuit
1109 2724 1169 2796 per
1184 2697 1275 2770 ιιιιιιὸ

159 2801 286 2886 textum
297 2814 503 2944 generuliter
523 2814 727 2888 uindicatam
752 2814 1023 2918 dispensationem
1047 2814 1276 2915 mysteriorum

164 2929 244 3000 Dcr'
240 2930 356 3002 sacris
382 2930 572 3018 ministris,
592 2957 632 3002 ex
658 2957 731 3028 qua
749 2946 787 3001 ut
810 2931 852 3001 uh
877 2957 940 3000 uno
966 2929 1139 3001 recedatur
1164 2940 1278 2999 sacra'·

163 3060 301 3133 mento,
314 3044 445 3118 nullum
463 3071 580 3118 sacrae
597 3046 806 3149 Scripturae,
828 3045 900 3117 sive
918 3045 1027 3143 prima
1039 3043 1183 3115 ecclesia
1200 3042 1277 3113 lun-

162 3146 352 3266 dementum
361 3145 556 3279 praehentl
581 3162 743 3263 Atque
716 3159 805 3232 idem
830 3159 873 3232 de
898 3159 1017 3260 ceteris
1042 3155 1194 3256 dicatur,
1219 3155 1276 3287 qui

163 3263 282 3409 eadem
304 3261 457 3375 repetunt
481 3290 582 3378 atque
598 3275 828 3401 ingeminant.

592 3413 800 3501 ARTlCULUS
819 3443 856 3497 lI.

517 3543 697 3666 Argumenta
715 3578 924 3662 traditionalis.

212 3662 282 3808 Ut
297 3715 444 3820 aequum
464 3721 508 3794 de
527 3712 739 3805 documentis
755 3717 1040 3798 traditionalihus,
1064 3710 1189 3814 quihus
1207 3735 1280 3789 sem

167 3836 270 3909 tentia
288 3835 474 3909 adstruitur
486 3835 528 3909 dc
546 3827 718 3908 secerdote
739 3826 904 3907 connubii
916 3830 1091 3904 christiani
1109 3826 1276 3912 ministro,

167 3945 492 4037 iudicium-leretur,
521 3950 606 4022 illud
631 3951 778 4048 primum
802 3938 1071 4021 constituendum
1097 3958 1166 4027 est,
1189 3941 1280 4012 haud

166 4068 252 4141 setis
272 4093 350 4140 esso
374 4067 512 4140 adrem
538 4057 866 4151 conscindamur
890 4088 931 4134 ex
952 4050 1154 4157 'antiquitate
1179 4052 1283 4169 eccle}
1356 4128 1359 4134 ,

168 4173 308 4256 ιιιιιιιι
321 4183 532 4281 proferantur
543 4181 753 4266 testimonia,
769 4205 858 4279 quae
870 4178 1044 4251 adstruant
1056 4171 1281 4254 necessariam

168 4288 463 4398 quovis-‘tempore
487 4297 594 4371 luisse
618 4295 884 4370 benedictionem
906 4287 1144 4367 sacerdotalem
1163 4286 1206 4358 ad
1222 4310 1283 4359 co·

739 4439 741 4443 ,
1190 4400 1210 4446 ιι
