2872 5062
160 337 225 408 180
350 359 410 407 aru.
433 357 455 405 ι.
477 357 562 408 secr.
585 360 607 406 1.
631 358 670 406 ne
688 355 819 406 urrais.
840 356 1077 408 succensuros

157 475 214 548 tali
239 476 464 549 coniunctioni
487 479 551 570 (l).
567 474 667 548 Porro
693 474 758 548 hoc
785 501 851 546 non
877 491 946 562 est,
963 474 1035 548 'nec
1061 500 1136 549 esse
1161 478 1272 576 poteet'

157 593 221 665 nisi
240 593 315 691 ipse
332 607 533 678 contractus,
549 616 617 689 quo
631 591 667 662 bt
679 590 845 662 eiusmodi
864 590 1050 687 coniugalis
1063 591 1270 679 coniunctim

155 732 235 805 ergo
260 723 448 780 contractus
473 704 661 803 coniugalis
683 705 908 778 identificatur
933 705 1270 794 cumsacramento,
1312 708 1314 713 ’

110 873 111 879 1
155 823 246 921 quod
278 849 344 896 non
369 837 421 896 est
446 822 512 894 nisi
539 821 674 917 signum
709 822 847 893 unionis
872 819 996 894 Christi
1028 847 1104 893 cum
1129 821 1275 914 ecclesia

156 939 222 1035 ipsi
246 937 436 1012 connubiali
463 937 580 1010 unioni
607 937 826 1010 intrinsecum
844 951 877 1009 et
894 936 1119 1035 inseparabile
1132 937 1179 1008 'ab
1196 938 1275 1035 ipso

157 1054 272 1150 signo,
303 1055 405 1127 immo
422 1068 473 1126 est
495 1052 579 1125 illud
605 1078 666 1151 per
689 1052 779 1151 quod
806 1053 940 1149 signum
965 1053 1107 1148 exurgit.
1130 1052 1274 1124 Unicum

156 1168 246 1266 quod
272 1168 493 1266 interponitur
517 1167 698 1241 discrimen
724 1169 809 1239 inter
834 1167 1027 1263 coniugium
1049 1166 1141 1238 Adae
1170 1183 1274 1266 atque

156 1297 363 1380 posterorum
387 1283 557 1382 usquead
575 1283 767 1369 Christum,
788 1299 858 1367 est,
879 1281 970 1380 quod
991 1280 1075 1352 illud
1094 1281 1194 1354 luerit
1211 1307 1276 1380 pu-

158 1425 232 1470 rum
259 1399 392 1496 signum
418 1399 546 1498 ubsque
568 1400 694 1495 gratiae
719 1398 940 1483 connexione,
961 1398 1001 1470 ac
1017 1398 1205 1496 propterea·
1219 1398 1276 1470 'sa-

157 1511 361 1586 cramentum
388 1514 569 1613 improprie
587 1530 619 1586 et
635 1513 703 1587 lato
720 1539 842 1599 sensu,
863 1512 1072 1586 connubium
1085 1538 1164 1585 vero
1181 1512 1275 1585 chri-

157 1626 341 1702 stianorum
371 1644 423 1701 est
447 1628 531 1700 illud
557 1630 670 1727 ipsum
697 1629 855 1726 signum,
885 1628 944 1701 scd
971 1627 1089 1700 efficax
1114 1628 1275 1724 gratiae,

158 1743 308 1843 adeoque
325 1760 569 1817 sacramcntum
588 1770 704 1843 presse
721 1745 904 1842 sumptum.
927 1743 1010 1815 Cum
1028 1744 1130 1840 igitur
1146 1743 1276 1816 destrui

159 1885 224 1931 non
238 1860 345 1959 possit
358 1861 442 1933 ratio
455 1859 667 1947 sacramenti,
679 1860 763 1958 quin
776 1859 968 1932 destruatur
980 1860 1055 1957 ipse
1067 1873 1276 1945 contractus,

159 2001 228 2073 quo
246 1975 282 2046 iit
297 1977 378 2049 unio
395 1976 599 2073 coniugaliS,
621 1991 729 2074 patet,
750 2001 816 2047 non
835 1975 989 2073 possein
1007 1973 1174 2070 coniugiis
1192 1973 1276 2046 fide·

160 2088 242 2161 lium
268 2087 431 2187 distingui
457 2116 517 2163 seu
542 2090 689 2190 dispesci
717 2106 887 2188 tamquam
909 2090 979 2162 rem
1004 2116 1024 2162 a
1050 2115 1085 2161 re
1110 2088 1275 2160 rationem

160 2203 349 2277 contractus
367 2231 387 2277 a
405 2205 531 2278 ratione
556 2205 779 2290 sacramenti,
807 2220 840 2276 et
863 2204 1047 2278 viceversa.
1074 2201 1273 2301 Siquidem,

158 2333 194 2390 ut
218 2318 387 2405 diximus,
417 2318 676 2391 identificantur.

232 2433 367 2507 Accedit
399 2434 532 2505 demum
566 2434 650 2506 ratio
681 2435 785 2532 petita
810 2460 850 2506 ex
874 2434 918 2506 iis
945 2434 1030 2532 ipsis
1063 2431 1275 2532 quotidianis
1311 2432 1315 2463 '¹

160 2548 317 2622 civilibus
339 2548 442 2634 actis,
462 2574 549 2648 quae
567 2548 601 2619 in
619 2549 769 2621 omnium
795 2548 910 2622 oculos
937 2548 1131 2621 incurrunt·
1144 2547 1276 2621 Passim

159 2663 285 2761 quippe
316 2662 471 2736 homines
496 2663 584 2736 inter
607 2689 645 2736 se
670 2664 848 2736 convenire
880 2663 1052 2736 solentne
1067 2662 1205 2760 ‘pacisci
1230 2661 1276 2734 de

159 2776 274 2876 aliqua
296 2804 349 2864 re;
370 2777 454 2850 haec
480 2794 591 2851 tamen
616 2779 803 2866 conventio,
824 2795 881 2851 aut
898 2781 1032 2880 pactum
1050 2782 1119 2851 tum
1137 2804 1217 2852 vere
1232 2781 1276 2850 ac

106 2933 110 2940 ·
160 2892 269 2966 solum
294 2894 362 2967 vim
388 2892 563 2980 obtinent,
591 2920 667 2966 cum
693 2919 753 2991 per
777 2890 950 2992 publicum
981 2897 1092 2967 actum
1113 2896 1200 2980 ,ac'
1219 2919 1276 2967 so-

161 3008 348 3083 lemnitates
366 3008 477 3106 alege
501 3009 727 3109 praescriptas
751 3011 991 3083 communitum
1017 3009 1127 3083 luerit.
1150 3009 1222 3081 Ho'c
1240 3008 1276 3080 in

160 3151 259 3212 casu,
277 3125 424 3224 prolecto
436 3123 495 3196 illa
509 3122 705 3197 solemnitas
723 3125 921 3223 nibilponit
937 3126 973 3196 in
991 3150 1043 3211 re,
1068 3127 1275 3196 contractum

161 3239 271 3311 tamen
297 3266 358 3312 seu
382 3256 516 3339 pactum
540 3239 687 3338 perficit,
708 3240 755 3313 ita
772 3255 809 3312 ut
826 3240 900 3312 sine
917 3238 995 3325 illa,
1025 3238 1173 3338 nonduin
1195 3264 1277 3311 con·

160 3369 285 3426 tractus
311 3353 449 3427 effectus
467 3371 653 3428 censeatur.
674 3354 814 3427 Nonnisi
834 3352 979 3426 absurde
996 3354 1073 3453 quis
1091 3352 1276 3449 distingue·

232 3596 267 3658 (t)
282 3597 362 3659 Atque
377 3597 425 3648 huc
443 3597 593 3661 referuntur,
605 3601 633 3649 ut
644 3600 727 3663 postea
742 3598 893 3662 videbimus,
909 3601 990 3650 terius
999 3599 1036 3648 illi
1047 3609 1144 3658 ornnes,
1156 3595 1276 3661 onesim-

161 3674 238 3738 probo
256 3675 339 3726 labore
357 3677 479 3740 congessit
497 3678 621 3740 Leunojus
632 3678 662 3728 ed
674 3678 827 3742 paradoxum
839 3693 911 3728 suurn
921 3677 1085 3747 evincendum
1093 3679 1119 3727 in
1129 3679 1172 3728 cit.
1183 3691 1224 3741 op.
1237 3679 1277 3726 De

161 3757 235 3817 repta
245 3758 294 3804 etc.
305 3755 376 3812 Quod
387 3769 449 3820 opus
459 3769 516 3805 curn
528 3757 851 3820 impugnasseibeuiilierius
860 3756 946 3807 doctor
956 3754 1100 3807 sorbonicus
1109 3756 1135 3805 in
1148 3756 1273 3807 Observa·

163 3833 278 3884 tionibus
290 3833 325 3884 ad
340 3835 452 3896 Lounoji
469 3835 581 3897 tibuunt,
593 3837 667 3898 atque
677 3836 788 3887 calestus
798 3837 927 3900 episcopus
937 3848 1068 3886 aversanus
1078 3836 1221 3887 intractato
1234 3838 1275 3889 cni

161 3913 261 3964 titulus:
275 3914 459 3965 Ecclesiastico
473 3917 500 3964 tn
518 3917 716 3966 matrimonium
731 3919 954 3980 potestmnomae
970 3921 1038 3969 1676.
1048 3916 1174 3977 Leunoius
1189 3917 1276 3970 amicis

160 3992 211 4042 suis
220 4006 291 4056 saepe
300 3995 402 4044 testatm
412 3995 449 4045 est
457 3993 549 4043 librum
560 3995 630 4044 illurn
641 3996 766 4058 scripsisse
776 3996 880 4046 invitum
891 3999 916 4046 ct
924 3999 1018 4047 contra
1026 3999 1109 4047 animi
1117 3991 1162 4055 sut
1174 4000 1274 4048 senten·

162 4075 240 4134 tiam,
259 4074 327 4125 iussu
344 4076 511 4138 superiorum,
528 4076 558 4124 ut
575 4075 648 4126 refert
661 4076 849 4128 Ancssloniusin
860 4078 1036 4128 miscellaneis
1054 4079 1154 4128 criticis
1167 4080 1229 4128 tom.
1240 4078 1271 4129 il.
1299 4069 1303 4077 “

161 4165 215 4216 pag.
230 4161 283 4205 teo.
296 4149 394 4206 Gelesio
404 4156 486 4205 tamen
497 4154 549 4218 ipse
560 4156 673 4219 opposuit
690 4156 780 4206 librum
795 4157 907 4225 eamdem
921 4157 1066 4209 seutentiam
1080 4161 1273 4222 propugneulem

160 4234 496 4296 acerrimeqniinscribitur„-
510 4236 697 4287 Centesimum
706 4239 734 4287 iu
748 4236 843 4289 Galesii
852 4237 1027 4289 ecclesiastica
1036 4239 1063 4288 tn
1073 4240 1272 4305 matrimonium

157 4313 287 4374 potestate
297 4317 445 4366 maronem
455 4304 624 4367 indecisam
636 4320 703 4367 reu.
1268 4308 1271 4313 '
