2872 5062
235 354 304 424 tro
430 372 492 422 nu.
513 372 536 422 r.
558 369 644 422 srcr.
665 367 796 421 mrrnr.
818 369 1007 421 narrarunt
1030 366 1137 419 crvru.

233 497 293 596 qui
318 492 540 589 obstringitur
557 491 600 564 iis
618 491 775 565 omnibus
801 489 944 575 officiis,
964 507 1053 588 quae
1069 488 1114 561 ad
1136 503 1225 562 recte
1248 489 1347 562 insti-

234 624 339 682 tutam
365 608 560 681 societatem
578 606 761 706 pertinent;
782 631 889 704 quare
904 629 986 701 ergo
1004 602 1179 701 politicum
1197 603 1347 700 regimen

232 725 296 799 bac
321 723 439 798 eadem
464 722 599 796 fictione
623 722 745 809 utitur,
773 722 876 794 immo
900 747 979 794 vero
1004 734 1038 793 et
1061 718 1169 792 eidem
1194 719 1349 793 innititur

232 857 404 939 tamquam
430 838 647 912 fundamento
674 837 717 910 ad
743 837 927 910 sancienda
953 835 1088 910 foedera
1112 835 1281 934 nuptialia
1305 837 1350 908 ci-

235 954 338 1043 vilia,
367 980 501 1055 quasa
526 953 598 1027 cive
623 953 701 1025 iniri
726 979 766 1026 eo
791 953 867 1051 ipso
893 969 1087 1051 nequeunt,
1123 951 1215 1051 quod
1246 951 1348 1025 simul

234 1071 443 1144 christianus
469 1067 539 1142 sit?

306 1185 405 1258 Haud
431 1201 542 1259 tamen
567 1186 654 1259 inter
679 1211 717 1259 se
743 1184 945 1283 permiscere
974 1183 1181 1258 intendimus
1206 1183 1346 1270 officia,

232 1316 266 1372 et
290 1297 532 1398 obligationes,
554 1300 679 1400 quibus
696 1326 801 1372 unum
819 1299 978 1398 idemque
1003 1298 1194 1373 subiectum
1212 1298 1279 1373 sub
1296 1299 1348 1371 di·

232 1440 330 1488 verso
357 1432 512 1514 respectu
537 1415 737 1489 devincitur.
768 1417 883 1515 Neque
908 1414 997 1488 enim
1023 1415 1248 1512 ignoramus,
1283 1414 1349 1489 alia

233 1556 310 1604 esse
334 1531 448 1604 officia
473 1557 513 1603 ac
537 1532 672 1617 munia,
697 1557 785 1631 quae
809 1530 898 1604 idem
924 1530 1025 1605 homo
1050 1547 1223 1631 praestare
1247 1530 1348 1615 debet

234 1661 333 1743 prout
349 1645 434 1719 civis
451 1662 527 1732 est,
556 1662 589 1718 et
613 1646 681 1718 alia
705 1645 821 1718 cilicia
837 1672 877 1719 ac
893 1646 1022 1733 munia,
1043 1646 1087 1720 ad
1105 1672 1194 1746 quae
1218 1661 1349 1719 tenetur

231 1779 270 1835 ut
288 1762 507 1836 christianus.
529 1761 592 1834 Ubi
612 1777 781 1862 spectetur
805 1778 843 1835 ut
868 1762 963 1850 talis,
994 1788 1061 1835 non
1086 1761 1269 1836 abnuimus
1295 1761 1347 1834 di·

233 1877 447 1950 stinctionem
473 1878 561 1950 inter
585 1879 690 1951 civem
717 1894 749 1950 et
773 1876 997 1951 christianum
1023 1877 1210 1952 admittere.
1226 1877 1346 1952 Verum

231 1992 324 2065 aliud
349 2009 401 2067 est
423 1992 597 2065 ferendum
615 1993 795 2080 iudicium,
816 1994 953 2093 quaudo
970 1993 1080 2091 agitur
1095 1994 1140 2067 de
1157 1992 1347 2068 actionibus

233 2107 320 2181 inter
336 2134 375 2181 se
392 2132 434 2180 ac
451 2123 573 2181 natura
590 2133 652 2181 sua
669 2106 826 2194 diversis,
848 2134 1002 2208 quaeque
1028 2107 1162 2208 impleri
1179 2123 1345 2208 possunt,

232 2240 292 2297 aut
307 2222 431 2297 debent
454 2223 588 2297 diverso
613 2239 784 2323 tempore,
811 2222 1015 2324 diversoque
1040 2216 1124 2311 fine,
1149 2249 1307 2324 quaeque
1330 2249 1348 2296 a

232 2338 365 2412 diverso
389 2338 605 2435 obligationis
631 2340 721 2412 fonte
740 2338 933 2426 dimanant,
962 2355 1065 2438 atque
1089 2365 1110 2411 a
1135 2338 1272 2412 diversa
1288 2363 1346 2437 po

232 2467 352 2526 testate
373 2454 547 2553 proprium
573 2455 628 2527 ius
652 2452 798 2527 habente
814 2453 1086 2555 praecipiuntur,
1106 2479 1196 2552 quae
1221 2453 1257 2524 in
1282 2477 1347 2527 uno

232 2566 420 2667 eodemque
445 2568 595 2642 subiecto
620 2570 745 2670 optime
770 2571 972 2645 consistunt.
995 2570 1079 2643 Nam
1103 2568 1238 2645 diversa
1263 2567 1348 2644 obli·

169 2735 170 2738 ,
231 2681 323 2778 gatio
339 2682 375 2753 in
392 2684 526 2758 diversa
543 2685 678 2757 caderet
694 2685 836 2759 obiecta.
853 2684 953 2758 Aliud
971 2711 1050 2758 vero
1067 2700 1136 2771 est,
1153 2710 1231 2758 oum
1248 2684 1293 2758 de
1309 2710 1347 2759 co

234 2797 356 2894 agitur,
373 2799 464 2898 quod
477 2799 511 2870 in
525 2825 594 2872 una
606 2799 791 2900 eademque
803 2826 949 2899 persona
962 2799 1146 2875 consistere
1159 2799 1349 2876 nullatenus

231 2929 353 3012 potest.
368 2914 406 2984 ln
423 2907 735 3016 primabypotbesi
753 2915 906 2991 diversas
924 2916 1001 2990 illas
1019 2909 1124 3014 leges,
1145 2917 1347 3016 diversaque

233 3030 345 3104 officia
371 3032 526 3130 componi
553 3056 656 3132 posse
681 3058 721 3105 ac
746 3032 940 3106 harmonice
964 3032 1053 3107 inter
1078 3059 1115 3107 se
1140 3032 1346 3117 coordinari,

232 3162 336 3244 atque
352 3148 551 3234 consistere,
565 3148 776 3222 saeculorum
794 3148 943 3221 omnium
961 3149 1168 3248 experientia
1180 3147 1350 3223 evidenter

231 3262 449 3335 demonstrat.
473 3263 611 3337 Plurimi
630 3290 764 3364 semper
779 3265 965 3338 floruerunt
982 3291 1022 3339 ac
1039 3265 1179 3352 ssorent,
1201 3264 1262 3364 qui
1280 3290 1346 3340 non

231 3375 344 3450 minus
369 3380 489 3477 optimi
514 3381 623 3468 cives,
652 3408 754 3481 quam
784 3381 901 3481 optimi
936 3381 1112 3456 christiani
1141 3380 1263 3455 merito
1288 3407 1346 3453 au-

231 3492 345 3578 diunt;
374 3495 494 3593 optimi
521 3521 561 3568 ac
586 3498 714 3570 strenui
739 3498 868 3582 duces,
898 3496 1104 3595 integerrimi
1132 3497 1348 3593 magistratus

230 3608 364 3683 suerunt
387 3626 420 3683 et
446 3626 544 3692 sunt,
573 3610 745 3712 iidemque
769 3612 957 3688 christiano
982 3610 1083 3687 simul
1110 3610 1248 3685 nomine
1273 3609 1349 3684 insi·

230 3751 325 3822 gnes.
352 3727 458 3800 lmmo
483 3741 517 3799 et
541 3726 646 3814 illud,
675 3728 705 3802 si
731 3728 843 3814 lubet,
873 3728 1058 3816 adiiciam,
1085 3727 1262 3801 meliorem
1293 3751 1349 3799 ne
1400 3743 1403 3750 '

230 3842 354 3915 minem
380 3842 488 3916 civem
513 3841 632 3916 baberi
662 3869 701 3917 eo
730 3870 848 3944 posse,
877 3843 937 3943 qui
963 3841 1127 3940 religione
1156 3866 1199 3916 ac
1222 3841 1346 3942 pietate

229 3956 378 4045 excellit,
408 3958 575 4032 neminem
598 3956 782 4033 fideliorem
799 3961 864 4055 (l).
882 3959 920 4031 ln
939 3958 1044 4033 altera
1064 3984 1143 4033 vero
1165 3956 1346 4061 hypothesi

301 4183 335 4245 (t)
350 4183 424 4233 Nulla
433 4184 513 4234 aetate
522 4182 653 4233 defuerunt
663 4181 710 4232 virt
722 4183 843 4247 dignitato
860 4181 1046 4248 principante
1057 4180 1183 4246 suos‚qui
1193 4180 1350 4246 reipublicae

227 4259 502 4314 administrationum
513 4262 639 4327 religionis
646 4263 710 4326 tegas
718 4264 857 4326 eregmuut,
865 4262 910 4312 hos
920 4261 993 4324 inter,
1000 4274 1063 4324 quos
1072 4260 1162 4311 reterre
1169 4260 1349 4326 longumtoret,

226 4351 303 4390 unum
310 4343 512 4409 memoratoria}
524 4342 605 4394 atritis
612 4343 686 4394 strunt
696 4355 726 4393 ao
734 4341 882 4394 ebristtrua'e
891 4341 991 4393 rtuutts
1000 4341 1122 4405 spelm
1131 4340 1259 4405 unarum
1267 4338 1348 4401 dedit,
