2872 5062
324 374 391 425 dbl’.
415 375 450 424 11.
473 374 512 423 BE
530 371 688 424 nmrsrnc.
710 375 780 423 ΛΒΤ.
802 376 825 424 1.
848 376 975 436 QUABST·
998 375 1101 428 onlco.
1230 358 1271 427 61

160 506 229 575 tum
255 516 350 577 esse,
379 491 455 568 nisi
473 490 516 562 ad
541 491 694 578 modum,
725 518 824 591 quem
849 493 1009 581 diximus,
1034 494 1276 592 pcrecclcsiae

158 605 332 683 ministros
358 605 483 704 populo
508 604 759 704 dispensentur.
780 607 846 694 Ea,
868 608 993 706 inquit,
1008 635 1106 708 ¹quae
1129 635 1189 708 per
1211 611 1276 682 mi-

158 721 282 794 nistros
299 720 464 793 ecelesiae
476 720 601 819 populo
616 721 868 820 dispensantur,
882 739 1091 797 sacramenta
1103 723 1271 799 dicuntur.

158 835 404 913 Matrimonium
413 835 527 932 igitur,
537 836 722 909 secuudum
731 836 822 935 quod
832 837 986 911 consistit
998 837 1032 909 iu
1042 837 1276 911 coniunctione

159 950 264 1022 maris
276 965 309 1022 et
325 949 490 1022 foeminae
508 949 751 1022 intendentium
771 951 898 1049 prolem
922 952 965 1024 ad
991 951 1117 1026 cultum
1135 953 1196 1024 Dei
1219 979 1276 1049 ge-

160 1089 280 1136 nerare
292 1080 325 1137 et
338 1063 500 1150 educare,
512 1079 564 1145 est
576 1065 740 1139 ecclesiae
753 1081 1010 1138 sacramentum.
1023 1067 1120 1138 Unde
1128 1081 1161 1139 et
1172 1093 1277 1164 quao-

160 1179 238 1252 dam
258 1179 447 1253 benedictio
465 1180 669 1254 nubentibus
687 1207 748 1279 per
764 1181 936 1255 ministms
954 1182 1276 1256 ecclesiae-adbibe-

159 1311 225 1367 tur.
242 1295 335 1367 Haec
352 1293 452 1367 ille.»
474 1296 525 1368 Ita
542 1295 679 1394 quidem
698 1295 810 1369 Canus
835 1296 1010 1370 connitens
1028 1298 1071 1370 ad
1090 1297 1275 1371 setrahere

160 1409 350 1506 angelicum
375 1411 551 1484 Ductorem
572 1412 661 1506 (17).

199 1517 201 1520 ’
230 1525 352 1598 Verum
373 1525 467 1598 irrito
492 1552 630 1625 prorsus
655 1543 776 1600 conatu
802 1555 878 1601 eum
904 1528 939 1600 id
967 1528 1157 1616 intendere,
1188 1530 1274 1602 mul-

159 1641 267 1739 tiplici
292 1657 384 1740 patet
409 1643 554 1729 ratione,
576 1669 616 1716 ac
636 1644 744 1742 primo
768 1644 905 1742 quidem
924 1670 964 1716 ex
982 1644 1067 1742 ipsis
1084 1645 1168 1735 locis
1186 1671 1274 1745 quos

157 1783 226 1856 pro,
240 1783 278 1831 ee
299 1758 423 1855 allegat
443 1758 717 1841 Canussstenim
743 1776 819 1858 post
844 1759 945 1833 allata
970 1760 1082 1859 priora
1107 1761 1210 1835 rerba
1235 1787 1275 1834 ex

159 1872 345 1951 Comment.
361 1873 398 1944 in
422 1872 482 1944 lib.
499 1874 647 1947 Sentent.
665 1874 780 1946 subdit
797 1874 889 1949 illico
910 1888 939 1948 s.
956 1875 1101 1948 Thomas
1118 1876 1275 1974 aperiens

157 2004 302 2060 mentem
326 2015 442 2061 suam:
460 1989 582 2068 «Sicut
598 1991 633 2062 in
650 1991 863 2065 matrimonio
879 2007 956 2064 sunt
971 1991 1071 2064 cerba
1087 1994 1275 2090 conprimen-

160 2106 208 2176 tio
232 2118 437 2189 consensum,
466 2120 499 2179 ct
522 2105 642 2179 iterum
664 2106 915 2180 benedictiones
941 2106 984 2180 ab
1008 2107 1151 2182 ecclesia
1179 2107 1276 2181 insti-

157 2235 285 2292 tutae.»
297 2220 414 2320 ltaque
429 2220 552 2307 verba,
569 2220 694 2320 quibus
718 2246 757 2294 ex
779 2221 856 2295 divo
870 2221 1008 2293 Themav
1023 2221 1198 2294 conficitur
1222 2247 1276 2294 sa-

156 2349 362 2415 cramentum
381 2335 599 2422 matrimonii,
622 2350 702 2407 sunt
718 2335 817 2406 cerba
835 2336 1052 2432 exprimentia
1069 2361 1271 2419 eonsensum,

156 2450 280 2549 quibus
299 2449 422 2523 deinde
436 2450 478 2522 ab
491 2450 636 2522 ecclesia
648 2449 798 2522 adiectae
816 2465 894 2521 sunt
910 2448 1178 2536 benedictiones,
1194 2466 1276 2523 tam-

158 2592 258 2665 quam
272 2565 403 2665 aliquid
418 2565 659 2639 sacramentale
674 2565 927 2663 superveniens.
936 2566 963 2635 N
966 2590 1004 2637 ec
1017 2563 1119 2636 alium
1133 2589 1272 2637 sensum

158 2682 301 2755 fundunt
316 2708 406 2781 quae
416 2708 458 2755 ex
471 2681 648 2781 posteriori
666 2680 751 2767 loco,
770 2683 804 2760 4.
818 2706 938 2779 nempe
950 2679 1048 2768 libro,
1065 2695 1180 2753 contra
1198 2706 1276 2777 gen-

159 2811 209 2870 tes
235 2797 381 2870 adducta
412 2812 519 2882 sunt3
549 2796 718 2894 siquidem
747 2821 787 2868 ex
813 2823 842 2868 s.
859 2796 1001 2869 Doctore
1025 2795 1275 2868 matrimonium

157 2912 206 2983 uti
237 2928 483 2985 sacramentum
514 2911 669 2985 consistit
701 2911 735 2983 in
769 2911 1004 2984 coniunctione
1027 2910 1130 2982 maris
1153 2926 1186 2983 et
1207 2910 1276 2982 soe-

160 3026 280 3098 minae'
291 3025 535 3100 intendentium
549 3024 677 3124 prolem
691 3026 734 3099 ad
748 3025 875 3099 cultum
888 3026 950 3098 Dei
967 3050 1126 3121 generare
1142 3039 1176 3096 et
1192 3023 1274 3097 edu-

159 3167 245 3216 care.
265 3142 340 3228 Qua
357 3142 525 3215 decausa
546 3141 626 3213 huic
647 3141 893 3228 coniunctioni,
918 3166 1007 3238 quae
1028 3155 1275 3213 sacramentum

158 3258 332 3331 constituit
342 3292 356 3343 ,›
372 3273 486 3355 utpote
502 3257 550 3328 rei
569 3282 701 3344 sacrae,
723 3254 866 3331 ecclesia
883 3255 1058 3352 qnontdam
1066 3252 1276 3328 benedictio

160 3399 233 3446 nom
253 3373 398 3453 jadiecit.
412 3399 472 3471 per
496 3399 584 3451 suos
602 3371 786 3445 ministros.

187 3488 190 3494 '
230 3490 328 3562 sane·
341 3515 372 3561 s.
389 3487 710 3563 Thomamminime
730 3501 913 3584 spectasse·
927 3485 1195 3568 benedictionem
1222 3510 1276 3558 sa·

158 3604 301 3679 cerdotis
320 3603 448 3703 nuptiis
471 3603 723 3702 superadditam
745 3602 812 3675 nisi
834 3602 883 3674 uti
904 3601 1146 3679 sacramentale
1160 3601 1276 3700 ,quod-

157 3719 246 3807 dam,
257 3721 429 3819 expressis
447 3720 559 3793 uerbis
577 3718 731 3798 traditio
751 3720 783 3790 4.
797 3719 889 3795 Sent..
901 3719 981 3792 dist.
997 3720 1055 3788 26.
1067 3744 1104 3816 q.v
1115 3720 1131 3787 t
1142 3775 1149 3789 .
1160 3731 1223 3789 art.
1238 3719 1272 3786 1.
1301 3781 1302 3786 ,

159 3835 215 3907 ubi
232 3862 275 3908 ex
292 3836 447 3910 instituto
464 3836 507 3909 de
525 3851 736 3910 sacramento
758 3835 960 3908 matrimonii
979 3835 1049 3931 agit
1073 3860 1163 3932 resp.
1180 3833 1223 3904 ad
1239 3835 1272 3903 2.

159 3949 293 4024 dicens:
325 3952 549 4025 «Benedictio
576 3951 760 4026 sacerdotis
783 3977 849 4024 non
870 3967 923 4023 est
938 3951 980 4022 de
1001 3949 1149 4023 essentia
1166 3949 1277 4020 matri·

162 4066 276 4153 monii,
290 4066 352 4139 sed
365 4081 412 4138 est
424 4066 587 4164 quoddam
598 4066 919 4138 sacramentonum
931 4065 1054 4148 iterum,
1065 4062 1147 4141 ibid.
1162 4078 1224 4134 art.
1239 4065 1272 4133 3.

164 4180 200 4250 ad
215 4183 249 4251 3.
264 4180 392 4254 «Verba
404 4208 608 4254 consensum
632 4180 853 4277 exprimentia
870 4180 995 4252 directe
1014 4179 1139 4250 faciunt
1156 4203 1276 4250 nexum

229 4332 281 4394 (o)
298 4332 361 4381 rara.
