2872 5062
215 361 262 434 tt
413 380 475 432 uu.
496 379 521 430 r
541 378 628 430 seor.
645 378 671 428 r.
691 375 733 428 nr
749 375 881 428 aarum
902 375 1118 427 mumrmro

213 502 259 578 da
281 497 698 576 saemmentoadsalutem
723 495 930 580 necessario,
928 495 1040 594 quod
1056 495 1100 613 da
1117 512 1327 572 nocumento

214 615 416 691 matrimonii
442 614 510 688 diei
535 612 663 731 nequit.

285 730 457 805 Aooodunt
472 745 507 804 et
519 727 631 802 alia
604 726 834 824 coniugiorum
851 723 1015 826 exempla,
1034 752 1075 800 ex
1092 726 1219 827 quibas
1239 727 1325 802 ratio

213 861 405 924 metus
417 844 578 919 aratione
594 841 795 916 sacramenti
811 840 989 930 amatur,
1014 837 1184 916 oonnubia
1204 868 1327 943 nempe

214 978 274 1038 aut
290 988 351 1062 por
365 958 555 1061 epistotam,
576 974 637 1032 aur
651 984 713 1058 per
728 954 976 1058 pecorum
992 953 1180 1046 mutnus,
1197 957 1233 1030 in
1251 959 1328 1060 qut

212 1077 278 1155 bue
304 1077 402 1152 facile
426 1076 556 1150 nullum
580 1074 722 1149 conferri
747 1069 993 1148 sacramentum
1018 1067 1230 1171 agnoooitur,
1251 1075 1329 1150 lieet

213 1192 325 1268 valere
346 1206 553 1268 contractum
578 1213 676 1263 nemo
700 1188 869 1262 inficietur
884 1213 959 1288 cap.
976 1186 1037 1261 ult.
1055 1189 1104 1261 De
1116 1180 1322 1288 prooarator.

214 1307 251 1381 in
261 1311 311 1395 a,
321 1322 420 1407 prout
432 1298 607 1406 pausiam
615 1297 770 1402 energiae
781 1300 1023 1378 demonstravit
1031 1296 1143 1379 Genus
1157 1296 1325 1381 scribens:

217 1424 338 1498 «Non
353 1423 455 1520 igitur
477 1421 621 1494 ecelesia
642 1420 755 1507 dooet,
781 1418 955 1520 quodlibet
979 1417 1129 1492 fidelium
1153 1421 1328 1496 matrimo-

214 1537 308 1613 nium
335 1551 581 1610 sacramentum
602 1561 696 1623 esse;
712 1525 889 1634 nisi'quis
909 1527 995 1608 adeo
1013 1525 1140 1633 desipit
1150 1551 1188 1608 ut
1200 1535 1329 1610 Caieta-

214 1648 295 1728 nnm
309 1642 463 1741 damnet,
490 1651 552 1752 qui
568 1666 601 1724 et
618 1648 889 1750 probabilissime
905 1666 950 1737 et,
970 1676 1026 1722 me
1041 1651 1177 1750 quidem
1195 1651 1325 1739 iudioe,

213 1769 406 1855 verissime,
424 1766 692 1853 matrimonium,
709 1765 800 1865 quod
813 1763 1067 1839 interabsentes
1093 1789 1154 1866 por
1177 1766 1324 1854 litterae,
1359 1784 1366 1794 “

215 1899 516 1985 procuratoresque
539 1872 768 1967 eontrahitur,
797 1896 1043 1955 sacramentum
1061 1907 1137 1955 esse
1157 1882 1329 1958 inficiatus

215 2014 278 2074 est.
304 2001 389 2072 Nam
413 1998 472 2098 qui
497 1998 532 2070 in
557 1997 623 2071 hoo
645 1994 840 2070 Caietanum
866 2022 998 2071 errasse
1021 1997 1186 2086 clamant,
1206 1998 1244 2070 bi
1262 2024 1329 2074 non

215 2113 407 2213 intelligunt
428 2140 492 2188 nee
510 2107 604 2213 ¹quae
627 2111 830 2212 loquuntur,
856 2139 918 2186 neo
933 2113 977 2185 de
994 2113 1119 2212 quibus
1144 2113 1326 2188 affirmant.

215 2229 313 2318 Quod
327 2229 357 2303 si
369 2224 463 2301 nullo
480 2227 616 2314 idoneo,
631 2242 666 2300 et
677 2226 868 2300 necessario
886 2243 1099 2324 argumento,
1121 2229 1182 2300 sed
1196 2228 1326 2317 stultis,

215 2337 485 2444 turbulentisque
510 2341 713 2417 clamoribus
730 2342 859 2416 alienas
876 2342 1028 2416 refellere
1052 2336 1236 2417 sententias
1254 2370 1330 2445 per-

215 2477 319 2560 gant,
348 2476 458 2559 ¹atque
489 2460 575 2532 adeo
608 2458 787 2547 damnare,
815 2484 903 2559 quae
931 2459 1165 2558 probabiliter,
1193 2475 1228 2534 et
1250 2487 1330 2535 vera

215 2575 307 2651 dieta
328 2591 422 2662 sunt,
447 2589 518 2646 tum
540 2600 601 2647 nos
626 2575 760 2674 quiete,
780 2590 814 2646 et
830 2573 963 2649 silentio
980 2574 1070 2648 taciti
1088 2567 1331 2650 illummatul-

216 2686 344 2777 titiam,
365 2689 612 2789 amentiamque
628 2689 830 2763 videbimus.
848 2691 1039 2764 Coneedant
1054 2683 1125 2780 illi,
1144 2719 1252 2766 unum
1270 2720 1331 2794 pro

216 2804 320 2879 altero
352 2819 598 2879 sacramentum
633 2828 789 2892 sumere,
822 2831 898 2877 eum
923 2831 985 2904 pro
1009 2805 1115 2880 altero
1145 2807 1325 2880 contrabit

216 2919 426 3008 Coneedunt,
463 2934 671 2994 sacramenta
694 2918 819 2992 Christi
844 2919 1043 2994 absentibus
1068 2909 1327 3011 administrari,

217 3035 413 3135 eisdemque
449 3033 590 3132 gratiam
624 3033 773 3108 eonserre
808 3052 842 3108 et
873 3052 1011 3134 peooata
1045 3036 1225 3108 remittere
1262 3037 1331 3110 llos

216 3151 324 3240 enim,
352 3151 511 3250 quoniam
537 3149 622 3222 baec
646 3149 794 3222 absurda
819 3165 915 3237 sunt,
936 3151 1121 3224 concedere
1136 3151 1253 3248 potius
1270 3176 1330 3224 ro-

217 3264 346 3353 lumus,
374 3264 539 3338 eiusmodi
557 3279 763 3351 contractus,
784 3264 843 3363 qui
861 3264 1119 3338 interabsentes
1136 3265 1332 3362 transigun-

217 3391 289 3466 tur,
318 3379 531 3454 matrimonia
555 3379 693 3478 quidem
715 3378 893 3452 verissima
910 3403 1002 3466 essa,
1023 3402 1102 3452 vera
1119 3395 1332 3453 sacramenta

217 3493 312 3567 nullo
334 3494 471 3568 modo.»
1036 3573 1038 3576 .
1088 3547 1091 3551 ·

290 3608 388 3696 Quod
413 3609 444 3683 si
468 3607 611 3684 ecelesia
640 3610 704 3684 bos
729 3611 777 3683 ita
800 3610 995 3684 coniunctos
1020 3636 1087 3683 non
1109 3626 1209 3708 urget
1231 3627 1332 3710 prae-

217 3740 315 3824 cepto
338 3717 377 3798 ut
399 3751 438 3799 se
461 3750 573 3800 eoram
603 3725 776 3799 sacerdote
809 3727 946 3814 sistant,
976 3741 1014 3799 ut
1037 3753 1098 3826 per
1122 3726 1197 3799 eius
1228 3719 1333 3800 bene»

216 3839 396 3915 dieu'onem
420 3856 665 3915 sacramentum
685 3840 872 3939 suscipiant
895 3841 1103 3941 gratiamque
1119 3833 1332 3941 oonaequan-

218 3963 293 4043 tur,
315 3955 443 4056 duplici
468 3956 503 4029 id
527 3982 568 4028 ex
592 3980 695 4029 eausa
720 3957 825 4055 repeti
850 3956 966 4043 debet3
998 3971 1068 4029 tum
1097 3950 1218 4055 nempe
1246 3955 1332 4056 quia

217 4071 442 4145 oonnuvarsia
466 4071 578 4144 adhue
601 4072 692 4169 viget
714 4072 800 4145 inter
825 4067 997 4170 theologos
1022 4073 1154 4145 namin
1171 4071 1228 4145 his
1254 4097 1333 4146 eon·

218 4183 320 4281 iugiis
338 4185 421 4259 ratio
438 4185 637 4260 sacramenti
663 4186 869 4260 admittenda
885 4188 946 4274 sit,
967 4186 1043 4262 aliis
1061 4185 1326 4285 refragantibus,

218 4298 297 4374 aliis
307 4301 663 4389 vemalfirmantibus3
679 4329 748 4401 quo
760 4303 922 4388 existente
938 4302 1133 4401 opinionum
1149 4300 1327 4390 oonssiutu,
