2872 5062
158 381 1067 436 oar.1v.nerunmemnmetonmeu.moneto.
1122 363 1189 435 1⁰2

143 502 379 577 ,Duodecimus
405 507 661 600 postremusque
683 516 813 588 textus,
837 502 1044 600 quindeno
1068 502 1193 602 allega-

83 638 150 707 tur,
169 635 225 692 est
240 644 281 693 ex
301 644 332 692 a.
352 617 541 705 Ambrosio,
565 617 624 716 qui
649 618 684 689 in
708 617 808 716 epist.
826 618 853 688 l.
871 618 913 690 ad
932 617 1087 716 vigilium
1117 622 1192 716 (13)

81 734 223 810 scribit:
245 732 365 806 «Nihil
383 732 521 830 grauius
536 736 639 832 quam
663 731 814 831 copulari
838 731 1065 830 alienigenae,
1086 733 1195 808 uhiet

82 850 235 924 libidinis
250 865 286 923 et
300 848 489 922 disoordiae
512 848 716 933 incendium,
737 864 772 921 et
787 848 953 945 saerilegii
969 849 1098 947 flagitia
1113 875 1194 922 eom

83 967 227 1040 ssantur.
243 1023 249 1036 .
265 1022 272 1036 .
286 966 369 1037 Nam
390 989 468 1037 eum
492 963 608 1063 ipsum
631 963 824 1060 coniugium
846 963 1012 1036 uelamine
1038 965 1217 1048 saeerdo-¹

83 1080 141 1155 tuli
158 1097 193 1155 et
209 1079 441 1154 benedictione
464 1079 669 1154 sanctificari
692 1085 866 1178 oporteat,
893 1080 1061 1177 quomodo
1085 1096 1194 1179 potest

83 1194 280 1292 eoniugium
301 1193 390 1280 diei,
408 1192 468 1266 ubi
494 1219 559 1267 non
585 1208 637 1266 est
655 1192 743 1266 ‚fidei
766 1193 973 1267 coneordia?
989 1193 1072 1266 Cum
1088 1196 1195 1268 oratio

84 1309 273 1385 eommunis
298 1335 377 1384 esse
399 1309 540 1396 debeat,
567 1308 736 1408 quomodo
759 1309 845 1383 inter
861 1335 898 1382 se
914 1309 1071 1410 dispares
1094 1312 1196 1385 dero-

85 1425 176 1500 tione
192 1430 305 1525 potest
320 1450 398 1498 esse
414 1423 560 1521 coniugii
585 1423 772 1498 eommunis
786 1423 989 1497 ⁴ehan'tasin
1005 1427 1130 1526 Nempe
1147 1425 1196 1499 lo

83 1541 205 1640 quitur·
233 1547 265 1614 a.
287 1539 486 1614 Ambrosius
509 1540 552 1613 de
576 1538 636 1613 illa
658 1539 891 1614 benedictione
915 1540 1082 1628 solemni,
1108 1567 1196 1641 quae

81 1656 163 1730 dum
180 1672 371 1743 caneretur,
389 1655 503 1729 velum
519 1682 721 1755 purpereum
735 1656 770 1728 in
784 1657 918 1753 signum
935 1657 1077 1756 pudoris
1092 1683 1196 1757 super

82 1794 249 1870 sponsum
265 1785 301 1843 et
314 1796 474 1869 sponsam
490 1769 754 1870 expandebatur.
773 1772 865 1846 Haeo
882 1789 993 1846 autem
1008 1771 1196 1846 benedietio

83 1883 224 1982 perinde
239 1883 408 1958 neretum
423 1910 500 1958 oum
517 1886 918 1983 denegaretur'bigamis,
940 1886 1088 1960 indidem
1106 1903 1197 1986 patet

83 2023 229 2097 pereum
242 1999 380 2073 minime
392 1999 535 2075 oonserri
548 2008 813 2086 sacramentum
825 2001 975 2100 alioquin
989 2007 1196 2075 sacramento

83 2113 535 2213 nrusnnaqnseaundas
547 2115 683 2212 nuptias
694 2115 829 2201 inirent,
839 2115 930 2213 quod
940 2115 1088 2212 proseoto
1098 2140 1197 2190 nemo

79 2228 273 2303 oontendet.
289 2229 406 2328 ltaque
422 2228 595 2303 enutritus
614 2228 865 2303 caeremoniali's
887 2228 960 2315 itla,
981 2229 1024 2302 de
1040 2253 1108 2326 quo
1125 2227 1197 2300 dis-

81 2341 166 2418 serit
181 2355 319 2419 senens
336 2342 452 2418 doctor
467 2343 556 2438 (14),
569 2343 768 2441 'praesertim
786 2369 863 2417 eum
879 2342 953 2440 pari
978 2342 1104 2416 ratione
1125 2357 1195 2415 tum

81 2456 208 2533 devea
219 2456 418 2535 enormen
433 2473 502 2531 tum
520 2457 562 2529 de
579 2455 810 2531 benedictione
824 2457 996 2556 doquatur·
1015 2458 1082 2532 Noe
1099 2457 1197 2531 omit·

83 2572 240 2658 tendum,
260 2570 462 2651 stanamate
477 2572 620 2651 uelimus
646 2601 677 2649 s.
696 2572 845 2647 doctoris
860 2572 963 2647 verba
986 2573 1194 2672 expendere,

83 2687 181 2761 illum
204 2712 273 2763 non
297 2713 338 2765 eu
361 2714 420 2775 eo,
447 2687 540 2788 quod
564 2715 631 2765 non
656 2689 755 2766 detur
773 2687 988 2774 benedictio,
1003 2688 1065 2763 sed
1080 2714 1123 2760 ex
1137 2713 1194 2774 eo,

84 2801 177 2900 quod
193 2828 260 2883 neu
277 2801 441 2883 habeatur
457 2802 537 2883 [idei
553 2804 748 2889 eoncordia,
764 2803 1107 2883 inferrematrimonii
1120 2802 1196 2877 oul-

84 2915 227 3004 litutem,
242 2943 303 2995 sau
320 2919 432 3018 potius
449 2917 728 3016 illegitimitatem.
746 2919 905 2995 Remanet
916 2919 1032 3015 igitur,
1046 2931 1085 2995 ut
1097 2935 1131 2991 et
1140 2918 1198 2993 hie

87 3047 280 3129 postremus
306 3047 415 3106 textus
434 3033 479 3106 sit
496 3031 725 3131 seponendus.
825 3048 828 3053 '
938 3106 941 3111 ,
989 3045 993 3052 ’

153 3147 346 3229 Nunouero
361 3147 558 3244 eolligentes
576 3173 663 3247 quos
681 3147 843 3227 haetenus
861 3172 902 3219 ex
914 3146 1008 3225 Cano
1022 3145 1195 3223 attulimus

84 3275 115 3337 et
137 3247 365 3360 expendimus,
388 3279 516 3348 textus,
545 3289 634 3365 quos
658 3263 734 3362 ipse
758 3262 919 3339 indicavit
942 3261 1046 3337 veluti
1074 3275 1198 3339 causae
1294 3310 1297 3345 ι,

85 3400 167 3453 suae
183 3376 232 3459 ita
249 3377 416 3466 fauentes,
437 3394 475 3451 nt
492 3377 789 3477 pronunciareritz·
801 3407 819 3447 a
831 3378 880 3451 Ex
903 3394 1037 3476 patrum
1061 3377 1199 3476 quiden

86 3491 249 3596 memoria
270 3493 519 3574 matrimonium
539 3496 673 3591 proprie
696 3509 763 3569 esse
788 3508 1043 3578 admonentem,
1073 3493 1121 3573 ita
1142 3493 1200 3570 de

86 3605 365 3705 num-proditam
382 3624 449 3696 est,
465 3609 496 3689 si
514 3609 697 3693 sacerdotis
714 3608 938 3687 ministerium
955 3609 1195 3696 interveniant

85 3719 257 3805 affirmare,
277 3721 351 3799 iure
375 3750 626 3822 possumusne
650 3751 754 3802 unum
786 3708 923 3823 quideni
956 3724 1112 3823 reperiri,
1140 3723 1198 3825 qni

87 3834 113 3904 ei
147 3826 363 3934 suffragetur.
388 3839 430 3911 Ut
457 3837 547 3911 enim
582 3837 715 3910 silentio
748 3855 954 3938 praeteream
980 3865 1047 3911 non
1073 3863 1198 3936 paucos

88 3971 124 4023 ex
149 3947 207 4023 his
232 3950 378 4026 textibus
400 3952 534 4053 spurios
552 3978 648 4040 esse,
670 3952 713 4025 de
730 3951 797 4034 alia
814 3952 949 4027 omnino
967 3979 1002 4052 re
1020 3952 1200 4050 loquuntur

155 4171 208 4235 (tt)
223 4174 328 4223 lanera
336 4172 394 4225 sort.
405 4175 510 4224 Manain.
519 4173 580 4224 haee
588 4175 692 4238 epistole
702 4177 741 4226 est
750 4177 814 4226 xlx.
823 4175 916 4239 primae
926 4173 1058 4236 daretem
1067 4175 1148 4225 uitus
1155 4175 1197 4235 nd,-

89 4246 431 4302 inflamment.

155 4329 208 4394 (ut
220 4330 262 4382 et.
273 4332 431 4383 Matonem
441 4333 559 4396 mama
567 4332 659 4384 reem.
668 4333 742 4384 roto.
753 4334 816 4396 part.
825 4335 857 4384 11.
865 4334 973 4396 capon
983 4333 1031 4382 aet.
1042 4340 1065 4383 a.
1073 4345 1098 4382 n.
1108 4337 1132 4384 t.
