2872 5062
159 375 207 450 tt
375 396 436 446 mn.
459 395 482 443 r.
502 393 588 446 sacr.
610 393 633 442 r.
656 391 695 441 nn
712 388 845 442 uranu.
864 385 1080 439 anemurum.

157 543 199 591 ex
211 513 410 593 sacerdotali
428 511 672 595 benedictione,
694 507 828 580 dicens:
848 535 865 576 κ
877 505 985 580 Habet
997 508 1095 578 etiam
1107 505 1280 579 matrimo-

157 633 251 707 nium
280 657 346 705 ooo
376 655 495 729 parum
526 624 714 701 sanctitatis
738 649 779 695 ex
803 621 1093 706 benedictiune;n
1118 620 1149 693 ai
1176 620 1282 717 igitur

157 749 255 818 etiem
265 745 458 844 supervenit
470 740 599 841 aliquid
613 737 803 813 sanctitatis
814 736 970 833 coniugio
979 735 1277 823 exbenedictione,

158 861 372 934 manifestum
385 874 437 932 est
450 884 491 930 ex
511 856 585 929 eius
602 869 712 927 mente
730 853 939 926 sanctitatem
958 851 1186 925 inhaerentem
1203 877 1284 925 ease

158 977 225 1075 ipsi
250 975 417 1070 coniugio.
441 972 536 1045 Unde
555 997 634 1044 vero
658 969 760 1042 habet
780 968 1041 1040 christianorum
1066 966 1276 1040 connubium

90 1118 92 1122 ⁴
158 1090 325 1174 eiusmodi
350 1088 578 1172 sanctitatem,
600 1085 728 1159 nisiex
752 1110 793 1156 eo
818 1082 908 1182 quod
935 1083 980 1155 sit
1004 1097 1276 1168 sacramentnm,

160 1206 293 1279 etiamsi
320 1203 469 1299 legitima
490 1201 604 1301 aliqua
628 1201 670 1272 de
696 1225 800 1272 causa
829 1198 1001 1294 contingat
1024 1196 1279 1270 matrimonium

159 1319 233 1393 aine
257 1317 489 1390 benedictione
512 1313 699 1388 celebrari?

232 1433 301 1505 Nec
326 1431 451 1530 pariter
475 1430 609 1504 obstant
634 1455 723 1528 quae
748 1428 884 1526 scripsit
904 1425 1103 1500 Guilielmus
1130 1426 1173 1498 de
1198 1426 1276 1514 bis,

115 1584 118 1589 ¹
158 1547 216 1646 qui
243 1545 336 1619 nulla
361 1545 510 1642 legitima
538 1543 764 1617 intercedente
795 1568 899 1616 causa
928 1541 1198 1614 benedictionem
1220 1567 1281 1614 sa-

160 1661 363 1736 cerdotalem
380 1658 604 1757 neglexerint,
620 1684 678 1732 ecs
695 1683 807 1757 neque
822 1657 983 1754 coniuges
1002 1655 1196 1744 habendos,
1217 1656 1279 1728 sed

161 1775 274 1873 potius
292 1776 503 1873 fornicarios,
523 1765 707 1870 eorumque
720 1771 845 1846 liberos
864 1771 1022 1869 lepitimos
1039 1796 1102 1841 non
1118 1795 1186 1842 esee
1204 1795 1280 1842 cen·

161 1888 295 1973 aendos;
321 1886 490 1986 siquidem
509 1885 605 1958 hisce
625 1885 851 1961 locutionibus
872 1911 940 1959 nen
965 1884 1058 1957 aliud
1084 1883 1279 1980 significare

163 2001 323 2088 intendit,
340 2027 444 2100 quam
461 2026 527 2074 nen
545 2025 624 2073 esse
640 1999 806 2074 eiusmodi
823 1999 985 2096 coniuges
998 1999 1033 2071 iu
1045 2024 1160 2072 eorum
1172 2024 1279 2072 censu

162 2116 355 2204 habendos,
375 2116 434 2214 qui
451 2115 565 2188 debita
586 2115 729 2214 pietate,
751 2140 791 2188 ac
812 2115 1095 2214 dispositionibus
1121 2139 1281 2188 necessa·

66 2237 70 2248 ‘
162 2232 223 2314 riis
240 2231 447 2307 connubium
465 2232 616 2318 inierint,
633 2246 667 2303 et
683 2231 727 2304 ad
745 2231 907 2305 ecclesiae
924 2230 1110 2304 catholicae
1126 2255 1281 2304 normam

76 2435 79 2453 ι
163 2362 264 2446 atqm
278 2347 543 2446 praescriptum,
565 2373 748 2446 eorumque
765 2346 854 2420 filios
870 2346 974 2421 veluti
992 2372 1032 2418 ex
1049 2345 1191 2444 profano
1208 2360 1282 2420 toro

164 2462 294 2558 genitas
316 2486 406 2535 esse.
423 2461 582 2561 Alioquin
608 2463 637 2533 si
660 2461 695 2532 in
721 2463 831 2558 rigore
852 2487 892 2534 ac
912 2487 1031 2560 presse
1047 2487 1087 2534 ea
1102 2461 1206 2535 uerba
1226 2487 1284 2534 sca·

163 2576 353 2673 ciperentur
377 2575 479 2648 nimis
504 2576 705 2653 evincerent.
733 2575 933 2649 Evincerent
963 2576 1054 2648 enim
1079 2601 1141 2649 nec
1168 2575 1282 2650 ualere

163 2688 328 2764 eiusmodi
346 2689 514 2762 connubia
531 2690 581 2762 sic
599 2689 681 2762 inita
700 2691 735 2762 in
753 2691 883 2764 ratione
901 2692 985 2764 meri
1002 2707 1195 2764 contractus
1207 2691 1282 2765 sire

164 2803 328 2878 naturalis
354 2803 426 2878 sive
450 2804 578 2891 civilis,
608 2830 707 2883 secus
732 2831 772 2877 ac
792 2806 998 2881 contendant
1018 2806 1283 2905 adstipulatores

163 2919 349 3007 contrariae
365 2919 569 3007 sententiae,
591 2920 649 3019 qui
666 2920 878 3018 distinguunt
899 2921 934 2993 in
953 2921 1167 2994 matrimonio
1181 2922 1282 2995 etiam

165 3033 350 3107 christiano
375 3035 538 3107 rationem
558 3037 759 3108 sacramenti
772 3063 793 3108 a
806 3037 936 3110 ratione
953 3052 1161 3124 contractus,
1184 3052 1284 3136 prout

164 3172 241 3222 cum
254 3165 311 3222 aut
321 3149 394 3222 sine
405 3149 638 3232 benedictione
647 3150 846 3224 sacerdotali
856 3151 976 3223 initum
986 3151 1096 3224 suerit.
1109 3152 1284 3224 Praeterea

165 3290 206 3336 ex
216 3263 405 3352 Guilielmo,
415 3280 453 3336 ut
464 3265 623 3352 vidimus,
636 3265 840 3339 connubium
853 3267 953 3339 etiam
969 3266 1284 3340 sinebenedictioue

165 3378 364 3452 sacerdotali
388 3378 591 3456 celebratum
616 3397 669 3454 est
693 3407 809 3455 uerum
834 3383 1105 3469 matrimonium,
1128 3381 1231 3455 immo
1251 3396 1284 3454 et

166 3510 430 3580 sacramentum
448 3520 543 3591 ergo,
565 3497 637 3594 qui,
663 3497 902 3594 praetermissa
922 3497 1154 3571 benedictione
1172 3522 1285 3570 sacar-

166 3606 282 3695 dotali,
298 3607 382 3679 illud
396 3608 529 3695 ineunt,
553 3624 631 3683 suut
650 3636 728 3684 vere
744 3627 776 3684 et
794 3612 928 3710 proprie
947 3612 1127 3708 coniuges,
1150 3635 1283 3684 eorum-

165 3747 231 3821 que
244 3721 355 3820 proles
368 3720 516 3818 legitima
529 3739 592 3810 est,
607 3724 708 3797 etiam
722 3753 762 3798 ex
775 3727 925 3799 eiusdem
935 3726 1103 3799 Guilielmi
1115 3726 1279 3799 doctrina.

239 3838 400 3925 Demum,
421 3854 458 3911 ut
481 3855 612 3913 constat
636 3867 676 3913 er
702 3840 812 3915 allatis
833 3842 996 3929 textibus,
1017 3841 1216 3915 Guilielmus
1236 3866 1285 3913 re·

166 3953 249 4051 petit
273 3955 481 4027 sanctitatem
506 3955 654 4052 coniugii
682 3956 856 4030 christiani
885 3984 925 4029 cx
950 3957 1028 4055 ipsa
1052 3971 1172 4030 natura
1196 3956 1286 4054 siqui

167 4069 255 4139 sacri
270 4083 301 4138 et
316 4069 496 4154 sacrantis,
514 4068 604 4168 quod
621 4069 710 4143 inest
722 4071 877 4167 coniugio
895 4070 974 4169 ipsi,
1000 4097 1060 4143 sau
1082 4070 1282 4155 consensui,

168 4206 235 4278 que
247 4182 351 4255 initur
371 4181 596 4271 connubium,
621 4200 787 4282 quatenus
809 4183 992 4282 praesefert
1015 4183 1282 4257 coniunctionem
1323 4251 1327 4264 ,

169 4294 377 4393 spiritualem
403 4297 535 4371 animae
559 4324 635 4370 cum
656 4299 743 4386 Deo,
769 4325 910 4399 eamque
933 4299 1279 4386 vehementissimam,
