2872 5062
319 371 389 438 cor.
411 389 446 442 u.
468 389 508 439 nr
532 390 828 448 dinumerent.
850 393 981 452 onerer.
1003 395 1109 448 oneo.
1229 379 1275 448 tt

157 532 314 607 quaeque
337 505 477 606 praebet
500 508 718 583 fortissimum
744 510 947 585 adiutorium
974 513 1194 604 nubentibus,
1223 536 1276 592 ut-

156 636 235 722 pote
259 614 516 720 impressionem,
536 639 575 696 ut
598 624 673 722 ipse
698 623 869 724 loquitur,
898 629 1096 703 sanctitatis.
1119 633 1220 705 Porro
1240 634 1276 706 id

156 763 256 812 omne
277 753 335 811 est
357 763 496 836 prorsus
523 737 755 837 independens
776 766 797 814 a
815 743 1069 840 superveniente
1091 748 1275 822 sacerdotis

156 852 390 929 benedictione
417 868 450 927 et
473 854 643 941 oratione,
675 880 752 928 eum
777 856 933 929 intimum
957 859 1001 930 sit
1030 859 1096 958 ipsi
1128 863 1276 960 coniugii

158 967 384 1043 celebrationi.
407 969 499 1066 Ergo
524 996 802 1070 quaquaversus
828 989 996 1072 spectetur
1020 975 1171 1050 doctrina
1196 977 1277 1050 Gui-

158 1082 281 1171 lielmi,
305 1092 398 1182 patet
420 1083 567 1159 alienum
580 1111 719 1185 prorsus
744 1112 822 1162 esse
840 1088 885 1161 ab
902 1089 978 1163 eius
995 1106 1108 1165 mente
1124 1118 1277 1167 asserem

159 1208 415 1274 sacramentum
431 1201 637 1274 matrimonii
662 1228 683 1277 a
709 1203 909 1278 sacerdotali
934 1204 1167 1280 benedictione
1195 1233 1278 1306 pen.-

156 1314 255 1402 dere,
276 1314 366 1389 adeor
377 1331 418 1389 ut
434 1331 545 1390 cesset
562 1317 763 1390 sacramenti
784 1318 889 1406 ratio,
912 1319 1046 1419 quoties
1066 1321 1156 1395 desit
1174 1320 1277 1396 bene·

158 1429 279 1518 neno,
296 1457 337 1504 ao
348 1430 520 1531 dilabatur
539 1432 574 1504 in
598 1433 762 1507 rationem
783 1434 861 1532 puri
880 1450 1072 1508 contractus
1098 1436 1274 1525 naturalis,

116 1626 118 1630 μ
157 1559 216 1618 aut
232 1544 355 1618 civilis.
376 1545 482 1632 Hinc,
508 1546 600 1645 quod
625 1572 837 1646 consequens
857 1563 928 1635 est,
953 1549 1112 1623 sacerdos
1133 1577 1201 1623 non
1226 1567 1279 1625 est

157 1660 359 1735 sacramenti
385 1660 589 1736 matrimonii
614 1661 783 1748 minister,
806 1678 844 1734 ut
863 1652 1036 1738 contendit
1058 1664 1193 1753 Canus,
1217 1664 1277 1765 qui

155 1776 245 1850 bane
269 1777 472 1851 sententiam
492 1777 667 1864 Guilielmo
693 1778 874 1876 parisiensi
900 1780 1043 1877 affingit.

228 1891 412 1966 Consuev'it
439 1905 611 1990 praeterea
635 1920 656 1966 a
681 1892 853 1967 nonnullis
879 1920 923 1967 ex
955 1894 1073 1969 eodem
1101 1895 1278 1969 Guilielmo

157 2007 340 2106 parisiensi
362 2007 523 2106 episcopo
547 2023 657 2081 textus
682 2008 807 2082 adduci
826 2035 867 2082 ex
886 2009 960 2084 eius
978 2037 1034 2109 op.
1050 2012 1099 2083 De
1118 2011 1277 2108 baptismo

157 2124 394 2223 depromptos,
422 2121 479 2196 ubi
505 2122 677 2197 disserens
701 2124 744 2195 de
769 2124 936 2223 baptismi·
950 2125 984 2197 vi
1009 2141 1042 2198 et
1064 2125 1217 2199 efficacia
1233 2128 1278 2199 ad

159 2238 416 2336 impertiendam
445 2239 692 2326 sanctitatem,
729 2265 804 2312 eam
840 2239 960 2337 repetit
996 2266 1036 2312 ex
1069 2241 1279 2314 invocatione

157 2343 206 2429 ss.
225 2353 417 2440 Trinitatis3
443 2353 570 2427 deinde
596 2379 676 2427 vero
700 2381 740 2427 ex
764 2354 880 2428 eadem
906 2355 1139 2442 inuocatione,
1168 2371 1201 2428 et
1223 2355 1279 2428 bo·

155 2469 359 2544 nediotionis
374 2470 496 2544 ιιὶιιιιιιιΙ
513 2470 699 2544 efficaciam
723 2470 852 2570 pariter
876 2485 1061 2544 ceterorum
1086 2497 1278 2544 sacramen-

155 2602 265 2660 torum
298 2586 455 2673 derivat;
483 2612 560 2660 cum
590 2586 693 2684 igitur
716 2587 759 2659 de
783 2586 996 2661 matrimonio
1021 2587 1170 2685 loquitur
1192 2586 1278 2660 haec

156 2701 284 2776 babet:
304 2702 393 2776 «Sic
408 2704 451 2776 ¹et
474 2703 509 2774 in
535 2702 745 2800 coniugatis,
772 2718 811 2775 ut
835 2702 960 2800 gratia,
981 2717 1014 2775 et
1030 2702 1274 2786 sanctificatio,

157 2844 247 2917 quae
258 2819 307 2892 eis
316 2816 521 2918 postulatur,
534 2818 662 2892 eisdem
676 2819 834 2904 donetur,
850 2819 927 2916 ipsa
942 2817 1131 2890 benedictio
1145 2817 1280 2915 nuptia-

159 2931 203 3006 lis
222 2933 383 3033 impetrat
398 2936 488 3030 (7).»
505 2933 554 3004 Ex
575 2959 643 3032 quo
668 2932 871 3007 concludunt
897 2930 1073 3004 Guilielmo
1097 2930 1186 3002 hanc
1211 2946 1279 3002 ste-

158 3049 242 3122 tisse
258 3065 423 3136 mentem,
449 3074 515 3122 non
540 3047 644 3121 alium
672 3064 804 3147 praeter
824 3045 1052 3131 sacerdotem,
1073 3045 1132 3142 qui
1150 3044 1278 3141 nuptiis

160 3163 347 3254 benedicit,-
367 3161 473 3237 huius
491 3162 692 3236 sacramenti
710 3162 901 3234 ministrum
919 3184 995 3231 esse
1012 3156 1274 3254 agnoscendum.

230 3264 304 3352 lam
328 3290 408 3353 uero
433 3279 463 3352 si
490 3279 568 3377 quis
590 3277 781 3351 accuratius
799 3276 901 3349 huius
920 3274 1066 3348 auctoris
1083 3273 1185 3347 verba
1203 3300 1280 3372 per-

159 3395 305 3494 pendat,
325 3391 418 3467 haud
440 3419 539 3491 aegre
564 3392 630 3464 sibi
656 3390 872 3491 persuadebit
899 3415 966 3461 non
995 3387 1088 3462 aliud
1112 3387 1178 3462 sibi
1204 3386 1280 3459 Gui-
1347 3418 1349 3422 ·

158 3510 307 3585 lielmum
321 3511 559 3610 proposuisse,
575 3535 678 3608 quam
697 3507 887 3581 ratiocinari
900 3532 942 3579 ex
955 3504 1069 3604 praxi,
1088 3528 1175 3603 quae
1193 3502 1279 3575 obti-

159 3627 259 3700 nebat
277 3627 313 3700 in
331 3626 477 3700 ecclesia
493 3623 687 3698 celebrandi
705 3623 841 3721 nuptias
864 3623 898 3693 in
920 3622 1006 3695 lacie
1023 3619 1202 3704 ecclesiae,
1219 3645 1279 3690 seu

159 3758 336 3840 praesente
360 3741 552 3828 sacerdote,
574 3741 634 3840 qui
652 3738 855 3812 nubentibus
872 3736 1093 3811 benedicebat
1110 3760 1150 3807 ac
1166 3735 1278 3806 fausta

159 3857 273 3930 aDeo
297 3856 516 3956 precabatur,
543 3856 593 3928 uti
617 3881 658 3927 ex
683 3853 860 3927 ritualibus
885 3852 977 3925 illius
999 3850 1119 3924 aetatis
1142 3848 1239 3920 libris
1260 3874 1280 3919 a

159 3970 321 4045 llartenic
345 3970 491 4068 vulgatis
524 3970 649 4070 liquet,
678 3967 868 4067 dequibus
893 3981 1083 4066 opportuno
1108 3964 1182 4036 loco
1207 3961 1278 4034 dis-

160 4111 322 4159 seremus.
344 4086 428 4160 Cum
450 4086 594 4185 proinde
614 4084 821 4159 commendet
837 4084 872 4154 in
890 4079 1109 4154 sacramentis
1135 4075 1276 4175 reliquis

159 4201 379 4278 sacerdotalis
397 4201 640 4276 benedictionis
657 4200 828 4288 virtutem,
850 4213 949 4297 capta
969 4194 1163 4279 occasione,
1188 4216 1280 4264 eam-

231 4355 268 4420 (7)
285 4357 345 4421 cap.
361 4357 381 4406 1.
396 4356 422 4406 in
438 4355 486 4406 fine
497 4367 552 4420 pag.
564 4359 618 4405 loo.
