2872 5062
239 342 308 412 272
430 362 492 413 nm.
513 362 537 410 1.
557 359 644 411 secr.
664 358 793 409 mrem.
816 358 856 408 na
881 359 1013 408 utram.
1035 359 1141 408 crum.

239 507 317 553 nam
335 480 378 552 de
398 478 553 574 coniugio
577 476 686 562 civili,
716 473 957 548 catholicorum
983 475 1084 547 etiam
1110 475 1274 573 coniugiis
1290 503 1347 551 ac·

238 592 449 668 commodare
476 617 514 664 se
538 617 639 691 posse
672 603 897 662 autumarunt.
929 590 1050 661 Verum
1075 589 1110 659 in
1136 615 1176 662 eo
1201 591 1346 663 mamme

237 724 409 795 errarunt,
429 707 519 807 quod
537 707 571 777 in
589 706 705 778 eadem
723 705 890 800 categoria
902 719 934 776 et
945 704 1063 777 ordine
1082 704 1259 803 posuerint
1273 732 1348 778 ma-

237 824 394 897 trimonia
411 821 665 923 protestantium
683 836 714 893 et
732 820 994 905 catholicorum,
1015 847 1103 918 quae
1120 836 1233 894 tamen
1259 821 1347 894 inter

238 966 275 1012 se
292 939 392 1035 longo
409 937 518 1036 spatio
535 937 672 1009 distant.
697 935 829 1007 Etenim
854 934 1009 1031 coniugia
1034 934 1289 1032 protestantium
1308 961 1349 1007 ex

236 1081 352 1128 corum
368 1054 538 1138 doctrina,
559 1078 626 1124 non
643 1067 723 1123 sunt
738 1051 806 1122 nisi
832 1051 914 1122 meri
939 1066 1128 1123 contractus
1151 1050 1292 1137 civiles,
1312 1066 1350 1123 ut

237 1168 409 1254 diximus„
442 1168 593 1266 adeoque
618 1166 653 1237 in
678 1165 763 1263 ipsis
791 1191 856 1238 non
881 1181 933 1237 est
956 1165 1150 1264 quaerenda
1174 1165 1350 1239 distinctio

238 1285 325 1357 inter
351 1298 555 1357 contractum
571 1298 605 1356 et
623 1297 892 1369 sacramentum,
922 1282 1013 1380 quod
1038 1282 1123 1354 loret
1147 1281 1346 1368 absurdum,

236 1424 312 1472 eum
339 1415 584 1472 sacramentum
601 1399 635 1470 in
653 1398 726 1471 suis
752 1399 879 1496 nuptiis
905 1397 1034 1469 nullum
1060 1414 1258 1494 agnoscant.
1280 1398 1347 1470 Sed

236 1515 336 1588 unice
349 1514 476 1613 inquiri
488 1527 597 1613 potest
609 1513 644 1583 in
656 1513 898 1609 legitimitatem
912 1539 972 1585 seu
984 1496 1131 1586 valorem
1144 1527 1347 1600 contractus,

237 1644 293 1702 aut
313 1630 464 1702 eiusdem
478 1628 745 1726 illegitimitatem
760 1654 820 1701 seu
834 1627 1088 1713 invaliditatem,
1104 1642 1137 1700 et
1153 1627 1292 1726 quidem
1304 1628 1350 1701 ad

238 1772 389 1819 normam
407 1745 514 1818 solius
531 1744 617 1840 legis
637 1744 708 1816 sive
725 1743 889 1816 naturalis
906 1744 980 1814 sive
997 1743 1118 1817 civilis.
1132 1742 1256 1814 Contra
1270 1768 1351 1816 vero

219 1887 313 1937 'cum
328 1888 368 1934 ex
380 1862 534 1934 doctrina
552 1860 720 1933 catholica
731 1861 852 1933 debeat
864 1861 998 1932 admitti
1016 1859 1353 1939 matrimoniisacra-

238 1994 386 2050 mentum
395 2004 415 2050 a
425 1992 595 2050 contractu
608 1975 845 2074 inseparabile,
859 1976 1099 2074 protestantica
1111 1974 1353 2074 pseudopoliti-

240 2117 354 2166 corum
364 2093 516 2164 doctrina
529 2091 771 2165 catholicorum
784 2090 950 2186 coniugiis
965 2089 1207 2162 accommodari
1217 2090 1347 2188 nequit.

309 2208 446 2307 Decepti
472 2222 644 2306 praeterea
666 2205 924 2306 pseudopolitici
943 2206 979 2276 in
996 2231 1036 2278 eo
1054 2221 1150 2291 sunt,
1172 2205 1264 2304 quod
1283 2230 1350 2278 non

237 2324 551 2410 animadverterint,
577 2325 611 2404 in
634 2323 738 2409 locis,
767 2322 952 2421 inquibus
978 2321 1186 2420 publicatum
1212 2338 1265 2395 est
1289 2321 1349 2395 de-

238 2456 364 2513 cretum
388 2439 521 2513 concilii
543 2440 715 2511 tridentini
741 2465 827 2512 sess.
848 2440 960 2509 XXIV.
981 2440 1028 2511 De
1052 2439 1115 2536 res.
1136 2438 1352 2511 matrimonia

238 2553 353 2626 omnia
378 2553 470 2625 irrita
495 2579 594 2639 esse,
624 2580 711 2652 quae
737 2554 829 2626 iuxta
854 2553 995 2626 sormam
1009 2553 1053 2626 ab
1070 2553 1188 2625 eodem
1210 2553 1353 2626 concilio

239 2668 500 2767 praescriptam,
528 2694 649 2766 nempe
675 2694 787 2741 coram
813 2669 978 2768 parocho,
1007 2684 1040 2741 et
1064 2668 1196 2742 duobus
1214 2684 1275 2742 aut
1291 2669 1350 2741 tri-

237 2780 303 2853 bus
335 2781 476 2854 testibus
507 2808 574 2854 non
603 2783 727 2854 luerint
756 2782 933 2855 celebrata.
963 2785 1012 2855 lta
1039 2810 1118 2857 vero
1142 2783 1240 2856 irrita
1264 2784 1352 2856 lacta

238 2912 317 2970 sunt
341 2923 362 2970 a
386 2897 528 2971 concilio
548 2899 715 2970 eiusmodi
738 2899 969 2985 matrimonia,
990 2915 1027 2970 ut
1044 2899 1138 2997 prius
1160 2925 1202 2971 ac
1226 2898 1352 2971 directe

238 3009 331 3084 nulla
356 3009 441 3086 haec
463 3012 620 3087 validitas
645 3013 822 3109 attingeret
847 3028 1078 3100 contractum,
1112 3011 1285 3086 inhabiles
1309 3011 1350 3085 ad

238 3127 503 3202 contrahendum
529 3155 691 3228 personas
717 3129 899 3201 reddendo.
925 3130 1000 3214 Quo
1020 3130 1058 3201 fit
1076 3144 1113 3201 ut
1132 3155 1243 3228 neque
1269 3145 1351 3201 tam-

238 3266 340 3339 quam
361 3242 477 3316 civiles
503 3259 692 3317 contractus
717 3243 835 3315 haberi
860 3244 993 3342 possint
1012 3243 1252 3317 catholicorum
1275 3269 1351 3318 con·

237 3355 354 3450 iugia,
379 3384 466 3456 quae
491 3383 604 3430 coram
630 3359 712 3432 solis
737 3359 990 3455 magistratibus
1016 3359 1237 3431 celebrentur.
1269 3358 1352 3431 Con·

239 3470 391 3567 tagiosus
429 3498 528 3570 porro
562 3476 818 3573 protestantium
852 3473 989 3546 morbus
1024 3473 1081 3545 ille
1115 3486 1190 3561 est,
1226 3474 1287 3574 qui
1320 3472 1353 3544 in

238 3610 384 3658 errorem
401 3604 434 3660 et
451 3588 681 3687 deceptionem
698 3590 984 3689 pseudopoliticos
1010 3589 1160 3677 induxit,
1190 3590 1273 3662 dum
1299 3615 1355 3664 eos

238 3700 362 3774 imitari
389 3729 429 3775 ac
456 3705 553 3802 sequi
581 3705 647 3776 sibi
673 3721 944 3805 proposuerunt3
974 3706 1118 3805 ideoque
1151 3705 1264 3779 civilis
1289 3731 1356 3806 ma·

238 3816 385 3891 trimonii
399 3819 493 3916 origo
507 3821 689 3920 repetenda
700 3837 753 3894 est
765 3823 900 3894 tandem
910 3848 950 3892 ex
963 3821 1222 3920 protestantium
1237 3820 1356 3896 doctri·

242 3956 304 4020 na,
333 3960 436 4033 quam
461 3937 735 4035 pseudopolitici,
762 3938 897 4010 nomine
917 3952 1015 4010 tenus
1033 3937 1211 4024 catholici,
1232 3938 1270 4008 in
1288 3962 1353 4010 rem

243 4072 339 4121 suam
367 4051 454 4125 male
479 4068 720 4151 pertraxerunt,

247 4208 251 4218 ·
312 4165 381 4239 Nec
405 4167 517 4240 minus
543 4169 720 4268 perspicue
745 4169 949 4241 matrimonii
975 4167 1085 4240 civilis
1111 4195 1152 4240 ex
1171 4183 1355 4267 protestan-

242 4268 342 4350 tismo
367 4279 531 4356 derivatio
556 4282 737 4370 evincitur,
759 4297 908 4382 spectata
933 4282 1055 4380 agendi
1081 4282 1229 4372 ratione,
1256 4306 1354 4383 quam
