2872 5062
166 352 236 407 ctr.
251 349 296 399 Vl.
313 349 353 400 DE
371 348 489 400 lautu.
506 349 565 398 PM)
583 348 661 398 tuce
678 349 718 397 DE
736 347 1000 397 111111.(111.1111.
1017 347 1064 396 111.
1121 324 1189 401 423

92 519 94 523 ν
156 471 224 542 lam
241 493 320 542 vero
338 467 549 540 matrimonia
567 465 728 564 legitima,
746 492 831 565 quae
848 464 1100 540 celebrabantur
1112 482 1189 538 ante

80 585 257 659 concilium
284 583 518 670 tridentinum,
547 597 691 682 possunt
707 581 867 656 celebrari
886 582 986 654 etiam
1005 597 1081 680 post
1097 581 1188 654 istud

10 790 12 796 y
81 697 260 775 concilium
278 698 308 771 si
328 698 491 796 princeps·
509 695 694 771 catholicus
712 696 747 768 in
765 722 866 794 regno
884 722 947 769 suo
963 694 1042 769 velit
1062 695 1191 768 formae

80 839 102 886 a
126 812 268 887 concilio
293 813 510 914 praestitutae
531 811 635 887 'aliam
661 812 860 908 subrogare,
893 837 963 911 qua
988 811 1076 884 idem
1109 811 1188 884 finis

79 927 288 1012 obtineatur,
323 926 530 1024 impediendi
563 924 691 999 scilicet
719 926 932 998 matrimonia
964 924 1183 998 clandestina.

80 1041 164 1114 Ante
190 1041 368 1114 concilium
393 1040 606 1114 matrimonia
630 1040 838 1113 clandestina
861 1054 956 1135 crant
976 1039 1188 1112 matrimonia

80 1156 142 1230 sed
166 1184 229 1230 noo
257 1171 349 1242 rcto3
370 1171 486 1254 postea
503 1157 637 1229 luerunt
653 1155 813 1228 invalida.
834 1154 1019 1228 Concilium
1037 1155 1101 1228 boc
1125 1180 1187 1229 suo

79 1271 212 1344 decreto
236 1271 336 1345 unice
361 1271 466 1345 voluit
496 1270 612 1344 tollere
641 1269 961 1359 clandestinitatem;
982 1296 1057 1343 cum
1086 1270 1187 1366 igitur

79 1384 132 1458 lex
157 1385 268 1459 civilis
293 1385 379 1460 tollit
402 1385 707 1459 claudestiaitatem
725 1385 793 1459 alia
808 1385 955 1486 quadam
976 1387 1100 1473 lorma,
1121 1411 1188 1458 ma·

80 1501 273 1575 trimonium
298 1527 364 1575 non
395 1501 612 1589 critratum,
649 1503 710 1574 sed
740 1528 855 1576 verum
885 1503 948 1576 erit
979 1501 1183 1599 coniugium.

79 1615 265 1690 Concilium
283 1616 377 1690 illum
396 1643 556 1692 canonem
575 1618 686 1692 sanxit
698 1645 738 1692 ex
751 1618 960 1715 delegatione
976 1618 1183 1717 principum;

79 1730 115 1802 bi
140 1747 249 1806 autem
275 1748 419 1832 possunt
442 1733 487 1804 ad
512 1759 550 1806 se
578 1759 652 1806 eam
684 1747 880 1832 potestatem
910 1758 1065 1806 revocare
1094 1730 1188 1805 iuxta

78 1862 264 1945 temporum
282 1846 511 1920 necessitates.
525 1848 574 1935 ld,
590 1848 744 1947 inquam,
760 1848 795 1919 id
808 1848 934 1920 iamdiu
946 1846 1068 1938 lactum
1081 1845 1188 1921 luisse

79 1961 114 2033 in
132 1961 248 2035 Galliis
266 1976 299 2036 ct
316 1961 351 2032 ia
367 1959 499 2058 Belgio,
522 1961 606 2060 quin
625 1962 818 2035 huiusmodi
836 1961 1014 2035 connubiis
1033 1961 1186 2060 lepitt‘mt's

78 2090 175 2175 turpe
198 2075 440 2151 concubinatus
458 2101 578 2148 nomen
597 2076 695 2149 fucrit
717 2101 876 2174 umquam
898 2075 1042 2148 inditum
1069 2075 1183 2169 (108).

151 2191 248 2278 Quod
272 2191 348 2264 fuse
372 2189 429 2264 bic
447 2205 559 2264 orator
575 2191 746 2291 exposuit,
766 2189 911 2263 breviter
926 2189 1014 2262 alius
1032 2189 1186 2262 innuerat

77 2306 253 2405 inquiens:
273 2306 425 2379 doctriua
450 2332 538 2406 quac
554 2306 598 2379 de
614 2319 784 2379 contractu
802 2331 842 2378 ac
858 2318 1066 2378 sacramento
1082 2328 1185 2377 unam

77 2421 297 2520 eamdemque
321 2447 391 2494 rem
417 2421 539 2506 elficit,
566 2447 633 2494 non
658 2434 710 2494 est
734 2419 773 2493 dc
796 2419 875 2518 fida:
894 2420 995 2494 ctiam
1020 2418 1185 2492 contraria

78 2535 193 2634 opinio
217 2551 269 2608 est
293 2535 377 2609 satis
402 2535 562 2608 catholico
582 2536 695 2629 (toa),

149 2651 245 2724 Alius
261 2651 361 2723 etiam
380 2666 514 2725 senator
531 2677 569 2723 se
586 2650 632 2737 ita
648 2649 794 2723 breviter
814 2649 988 2723 extricata
1005 2647 1184 2721 tridentino

76 2766 228 2840 decreto:
256 2765 309 2839 lex
338 2766 447 2839 civilis
477 2765 575 2840 nobis
602 2765 776 2864 pmposita
808 2764 957 2864 loquitur
985 2779 1112 2838 tantum
1142 2762 1184 2836 de

77 2881 243 2978 coniugiis
269 2881 439 2979 epitimio:
466 2881 646 2955 concilium
671 2906 750 2954 vero
774 2880 817 2952 de
847 2879 902 2953 bis
931 2906 999 2953 non
1028 2878 1179 2953 disserit:

75 3021 156 3094 ergo
179 2996 343 3070 eiusmodi
370 2995 422 3068 lex
446 2995 589 3070 concilio
615 3023 681 3069 non
706 2997 902 3069 adversatur
921 2996 1035 3089 (110).

542 3219 716 3320 Responsio

149 3441 192 3514 Ut
215 3441 317 3539 igitur
342 3440 493 3539 singula,
523 3467 611 3540 quae
635 3440 678 3513 ab
702 3456 832 3515 oratore
855 3441 1044 3515 dictasunt
1063 3467 1183 3541 expen-

73 3557 196 3641 damus
213 3557 306 3630 etad
323 3557 481 3630 trutinam
499 3582 709 3645 revocemus,
725 3557 1020 3631 animadvertimus
1036 3556 1181 3657 primum

74 3671 260 3767 generatim
285 3670 407 3745 lalsum
432 3697 509 3746 esse
533 3670 754 3769 principium;
782 3671 873 3769 quod
898 3687 935 3746 ut
958 3670 1052 3745 basis
1079 3670 1181 3764 totino

73 3784 314 3884 disputationis
331 3784 530 3858 assumitur:
547 3810 666 3884 nempe
680 3785 771 3857 iuxta
783 3785 981 3858 catholicam
995 3783 1181 3882 doctrinam

72 3915 279 3981 contractum
304 3926 326 3973 a
349 3915 558 3985 sacramento
584 3899 733 3999 separari
759 3925 869 3998 posse.

119 4084 123 4096 '
147 4080 213 4156 (loe)
225 4086 320 4144 Sancto
335 4091 380 4142 dcl
395 4094 489 4156 recito:
499 4099 535 4143 ts.
549 4092 660 4143 Dtoemb.
670 4070 742 4144 *¹⁸52ss
755 4094 811 4157 pag.
823 4097 868 4145 tot
879 4069 948 4156 seqq.
970 4080 973 4085 ’
1095 4159 1098 4164 ὓ
1137 4072 1152 4107 ‘³
1161 4072 1178 4121 3¹

146 4171 462 4233 (tantumtantum.
938 4185 941 4194 ·
1082 4186 1086 4194 ·
1121 4188 1124 4195 ι
1153 4198 1175 4217 ,μ

78 4298 80 4303 .
148 4252 285 4329 (arcturo.
296 4259 334 4304 ao.
344 4251 515 4314 nicanum
530 4259 582 4327 aar.
592 4252 643 4303 cot.
658 4261 679 4304 t.
