2872 5062
240 347 309 418 tii
440 369 502 420 un.
524 369 546 417 ι.
567 367 654 418 seor.
674 367 804 417 strena.
826 365 866 416 nn
883 365 1017 417 ιιιιιιιιι.
1038 363 1144 416 ιιιιιι.

234 502 268 559 et
292 485 459 560 caelorum
483 486 539 558 via
564 483 691 582 largius
716 499 843 583 pateat,
864 498 901 555 ut
926 497 1080 556 terrestre
1105 494 1246 579 regnum
1271 507 1340 556 cao·

235 600 310 674 lesti
335 626 437 698 regno
463 598 642 673 famuletur
670 601 784 695 (43).»
805 599 839 669 S.
861 600 925 671 Leo
949 598 993 668 ll.
1018 595 1182 683 «Debes,
1211 595 1337 683 scribit,

236 716 466 790 incunctanter
499 714 671 789 advertere
704 714 829 811 regiam
856 728 1076 813 potestatem,
1106 712 1180 784 Tibi
1207 737 1275 785 non
1300 712 1341 784 ad

234 831 343 906 solum
369 831 485 903 mundi
512 830 681 928 regimen,
702 831 762 909 sed
788 828 932 903 maxime
957 829 1000 900 ad
1025 827 1190 902 ecclesiae
1216 827 1343 927 praesi-

234 945 327 1018 dium
356 971 432 1019 esse
457 943 632 1018 collatam:
661 961 699 1017 ut
723 969 826 1018 ausus
853 943 998 1016 nelarios
1023 942 1292 1041 comprimendo,
1312 958 1342 1016 et

234 1087 321 1162 quas
345 1060 431 1134 bene
460 1077 539 1134 sunt
565 1075 688 1135 statuta
719 1059 904 1147 defendas,
932 1073 965 1132 et
988 1085 1101 1133 veram
1124 1083 1242 1157 pacem
1273 1058 1339 1142 his,

234 1201 322 1275 quae
347 1191 428 1248 sunt
451 1173 594 1262 turbata,
618 1174 774 1248 restituas
796 1175 909 1269 (tt).»
922 1174 956 1244 S.
970 1173 1122 1246 Isidorus
1138 1171 1342 1271 hispalensis

238 1321 256 1357 «
272 1290 503 1388 Cognosoant,
534 1289 666 1390 inquit,
696 1289 866 1390 principes
891 1288 1036 1375 saeculi,
1063 1289 1133 1361 Deo
1158 1286 1282 1360 debere
1307 1313 1343 1361 se

234 1405 394 1479 rationem
420 1405 560 1479 reddere
582 1422 717 1505 propter
738 1405 934 1492 ecelesiam,
959 1430 1060 1504 quam
1085 1430 1107 1476 a
1131 1401 1269 1476 Christo
1294 1417 1344 1475 tu·

235 1520 356 1593 endam
382 1521 584 1621 suscipiunt.
615 1523 697 1594 Nem
724 1521 795 1594 sive
820 1535 981 1617 augeatur
1005 1545 1087 1620 pax,
1108 1534 1142 1592 et
1162 1518 1343 1617 disciplina

234 1633 398 1709 ecclesiae
418 1661 479 1734 per
498 1634 615 1709 fideles
643 1634 829 1734 principes,
859 1634 930 1708 sive
955 1632 1118 1720 solvatur,
1146 1631 1205 1706 ille
1226 1632 1272 1705 ab
1295 1631 1341 1706 eis

233 1749 395 1823 rationem
417 1750 544 1847 exiget,
565 1749 623 1850 qui
643 1775 757 1823 eorum
776 1748 931 1848 potestati
953 1775 1050 1822 suum
1075 1747 1255 1822 ecclesiam
1273 1773 1342 1822 cre-

174 1960 175 1964 *
236 1862 324 1938 didit
351 1866 466 1961 (l'l),»
491 1882 524 1938 et
551 1864 627 1938 aliis
651 1864 801 1952 omissis,
830 1890 859 1938 s.
876 1862 1086 1938 Caelestinus
1111 1875 1202 1963 'pepe
1226 1863 1342 1937 eadem

143 1994 146 2001 '
234 1978 366 2052 scribit:
385 1980 511 2054 «Maior
534 1980 630 2054 vobis
652 1980 731 2054 fidei
753 2005 856 2053 causa
876 1978 975 2053 debet
992 2004 1088 2067 esse,
1110 2005 1214 2078 quam
1233 1979 1338 2077 regni,

234 2094 450 2195 ampliusque
474 2122 535 2195 pro
560 2121 644 2195 pace
669 2095 886 2170 ecclesiarum
911 2094 1089 2169 clementia
1107 2110 1221 2169 vestra
1246 2094 1343 2169 debet

233 2233 311 2283 esse
326 2210 485 2298 sollicita,
506 2237 607 2311 quam
626 2237 686 2311 pro
702 2210 853 2284 omnium
871 2211 1049 2284 securitate
1065 2226 1242 2284 terrarum.
1259 2210 1342 2285 Sub

234 2341 421 2423 sequuntur
450 2326 540 2399 enim
571 2326 684 2400 omnia
708 2351 893 2427 prospera,
923 2326 953 2400 si
980 2325 1135 2426 primitus
1161 2352 1250 2426 quae
1274 2328 1342 2399 Deo

232 2454 313 2512 sunt
332 2440 461 2513 cariora
486 2457 659 2514 serventur
671 2442 784 2536 (ts).»
797 2442 879 2514 ltem
897 2467 927 2514 s.
945 2440 1107 2527 Thomas,
1124 2441 1173 2513 lle
1185 2443 1340 2539 repimiru

228 2554 413 2651 principis,
441 2555 499 2654 qui
525 2556 610 2630 haec
634 2555 753 2630 babet:
777 2586 796 2626 ιι
816 2558 854 2628 ln
880 2555 1041 2654 regimine
1065 2555 1239 2653 legislator
1261 2583 1341 2630 sem-

231 2691 293 2765 per
313 2667 412 2741 debet
428 2670 618 2758 intendere,
647 2686 685 2744 ut
708 2671 799 2754 cives
823 2671 1012 2769 dirigantur
1029 2673 1072 2744 ad
1090 2672 1273 2747 vivendum
1290 2700 1341 2747 se-

232 2781 379 2855 eundum
404 2784 578 2887 uirtutem;
607 2786 674 2858 imo
699 2786 756 2860 hic
780 2802 833 2885 est
857 2787 936 2862 finis
961 2786 1184 2885 legislatoris,
1205 2804 1245 2862 ut
1268 2787 1341 2890 phi-

234 2896 396 2997 losophus
411 2899 494 2972 dicit
506 2899 541 2972 in
555 2903 590 2973 2.
601 2900 765 2975 ethicor.»
778 2917 811 2977 et
825 2904 1027 3003 paulopost:
1042 2903 1169 2991 «llinis,
1185 2904 1229 2977 ad
1243 2930 1340 3004 quem

233 3011 463 3113 principaliter
482 3013 535 3087 lex
555 3015 728 3091 intendere
752 3017 852 3092 debet
877 3018 913 3090 in
938 3017 1052 3117 seipsa
1074 3032 1106 3091 et
1125 3018 1161 3090 in
1180 3018 1336 3105 subditis,

230 3141 284 3200 est
299 3143 434 3202 aeterna
456 3129 642 3219 beatitudo,
669 3157 757 3231 quae
773 3133 809 3205 in
827 3132 958 3207 visione
973 3132 1035 3205 Dei
1053 3132 1210 3206 consistit
1226 3135 1337 3229 (llis

112 3299 114 3302 >
231 3241 282 3314 lln
307 3243 389 3342 quid
420 3244 561 3319 doceant
574 3262 698 3348 patres
723 3259 830 3348 atqua
849 3247 1011 3321 ecclesiae
1035 3249 1204 3322 doctores.
1233 3249 1337 3335 Quam

230 3382 309 3430 vero
327 3357 371 3431 ab
387 3358 444 3433 bis
462 3362 620 3436 sensibus
638 3363 803 3437 abludunt
821 3363 1120 3464 pseudo-politici,
1141 3364 1201 3464 qui
1219 3379 1337 3440 statum

231 3469 369 3544 atheum
390 3472 639 3571 quodammodo
664 3476 812 3552 vellentl

301 3677 352 3740 (45)
367 3677 421 3729 Lib.
434 3681 478 3730 ili.
488 3681 566 3745 Epist.
578 3684 652 3732 va.
665 3681 706 3732 Ao
717 3684 820 3734 Mourtt
834 3685 955 3748 imperat.

300 3755 351 3819 (ts)
367 3758 452 3821 spot.
465 3760 549 3809 CLVI.
562 3772 615 3824 cap.
628 3767 651 3811 t.
664 3759 703 3810 ed.
716 3760 830 3811 Balierin.

302 3834 353 3898 (tt)
366 3835 421 3887 Lib.
433 3839 477 3887 111.
487 3840 601 3891 sentent.
612 3851 666 3902 cap.
676 3841 717 3890 Li.
726 3853 752 3890 ιι.
763 3847 787 3891 6.
798 3839 839 3892 ed·
848 3840 958 3892 Amasti.-

301 3913 352 3976 (⁴8)
368 3917 395 3966 in
401 3917 528 3980 Epistod
537 3917 785 3984 insedentmperot.
794 3933 857 3983 quae
863 3919 962 3971 estatio
969 3921 1030 3971 actis
1037 3933 1107 3972 eone.
1114 3922 1203 3987 Epiros.
1209 3924 1337 3974 Actionit

230 3994 295 4058 apud
305 3994 425 4046 iiarduin.
436 4000 497 4048 Acta
505 3997 752 4050 oreilmaison
766 4004 834 4052 147³.

302 4073 352 4137 (is)
368 4074 423 4126 Lib.
439 4078 482 4127 iii.
494 4090 516 4128 o.
526 4083 549 4128 a.
559 4077 597 4129 (ti.
608 4077 805 4130 Admonitionem
819 4079 944 4146 praeviam
958 4081 1075 4133 Bemmdi
1084 4081 1319 4136 Marisedeiiubeis.

373 4600 387 4613 1·
405 4598 428 4623 ι..Ι

82 4596 452 4764 “
