2872 5062
270 365 340 414 cnr.
353 365 447 414 runo
460 366 578 417 incorr.
592 367 807 417 aroannam
821 368 916 417 urrn.
935 368 998 418 crv.
1015 369 1085 419 aar.
1104 371 1126 420 r.
1200 349 1265 419 371

160 481 292 569 dentia‚
312 482 373 556 cur
389 484 476 556 hano
494 483 791 583 independentiam
809 485 933 584 ipsam,
950 485 994 558 ad
1011 513 1115 585 quam
1127 488 1272 565 ecclesia

160 596 324 670 divinitus
347 597 400 670 ius
420 597 540 685 habet,
564 599 595 672 ei
622 599 732 672 modis
756 599 914 673 omnibus
939 601 1070 700 eripere
1095 604 1273 677 connitun-

162 710 240 784 tur?
265 711 377 796 Quare
400 713 578 786 ecclesiam
602 714 815 815 deprimunt,
836 714 901 787 sub
925 715 1005 812 iugo
1029 741 1136 816 eoque
1160 719 1272 792 duris-

161 827 247 900 simo
277 827 448 915 detinent,
477 829 577 929 quale
600 830 657 902 vix
683 830 759 929 ipsa
784 831 870 903 ferro
895 831 1024 928 cogitur
1056 833 1121 906 sub
1154 834 1273 909 haere·

160 943 237 1017 ticis
269 970 311 1017 ac
343 944 573 1017 infidelibus?
607 945 719 1032 Quare
744 946 838 1045 ipsos
864 972 931 1018 non
964 948 1067 1046 pudet
1100 949 1271 1047 propriam

160 1075 301 1132 matrem
325 1060 469 1146 cedere,
493 1060 724 1160 proscindere,
755 1060 968 1135 dilacerare?
998 1062 1110 1149 Quare
1139 1064 1268 1163 duplici

159 1190 301 1247 utuntur
321 1200 499 1263 mensura,
523 1175 604 1248 hinc
626 1175 762 1274 quidem
782 1175 970 1250 extollendo
986 1202 1027 1250 ac
1044 1179 1272 1276 promovendo

160 1288 496 1387 protestantismum‚
528 1291 588 1389 qni
612 1290 720 1363 factus
750 1306 802 1363 cst
833 1291 982 1391 ipsorum
1013 1292 1165 1380 idolum;
1193 1295 1272 1367 inde

158 1428 238 1476 vero
260 1402 480 1503 deprimendo
497 1405 619 1502 iugiter
639 1405 746 1501 magis
764 1431 803 1477 ac
819 1406 930 1503 magis
947 1407 1047 1479 unice
1063 1433 1176 1480 veram
1194 1408 1272 1480 reli-

158 1517 312 1615 gionem,
340 1518 628 1593 christianismum
660 1520 815 1619 plenum,
845 1547 905 1593 seu
930 1522 1105 1594 ecclesiam
1130 1524 1272 1596 catholi-

160 1633 266 1707 cam?
290 1636 465 1734 Deponunt
490 1636 592 1733 igitur
622 1637 759 1709 tandem
788 1636 970 1736 aliquando
999 1636 1269 1737 pseudopolitici

158 1750 299 1835 laruam,
315 1777 383 1849 qua
396 1777 434 1824 se
446 1767 643 1848 contegunt,
660 1767 762 1851 atque
774 1767 891 1850 aperte
902 1774 1003 1825 sensa
1017 1777 1079 1825 sua
1092 1769 1267 1852 promant,

158 1892 201 1939 ne
227 1865 379 1939 incantos
404 1866 538 1940 valeant
563 1867 705 1940 ulterius
731 1867 898 1965 decipere.

232 1983 312 2055 Post
342 1981 428 2055 haec
458 1981 644 2078 generatim
676 1981 904 2068 considerata,
933 1982 1000 2054 iam
1031 1999 1179 2083 praestat
1207 1984 1272 2056 ali-

157 2096 240 2196 quid
270 2096 468 2194 singillatim
495 2095 699 2194 respondere
715 2095 759 2168 ad
777 2121 837 2181 ea,
858 2121 947 2194 quae
966 2121 1007 2167 ex
1030 2122 1099 2170 uno
1124 2097 1272 2172 alterove

158 2228 288 2286 oratore
305 2239 408 2313 snpra
424 2211 611 2285 retulimus.
629 2211 722 2284 Unus
740 2210 854 2310 itaque
871 2236 912 2282 ex
929 2211 1120 2285 oratoribus
1134 2237 1173 2285 se
1184 2212 1271 2286 vello

158 2327 318 2413 dicebat,
346 2343 384 2399 ut
408 2343 516 2399 status
548 2326 684 2399 omnino
713 2326 943 2422 seiungeretur
972 2325 1015 2398 ab
1040 2325 1208 2414 ecclesia,
1236 2344 1271 2429 ot

157 2441 294 2541 quidem
320 2440 484 2516 absolute.
506 2440 568 2513 Ast
588 2440 778 2513 sciebatne
800 2440 864 2512 iste
885 2439 935 2527 id,
955 2440 1084 2539 dequo
1109 2440 1271 2540 loqueba-

158 2556 242 2630 tur?
265 2557 338 2629 Non
364 2569 457 2654 puto.
477 2554 653 2653 Siquidem
674 2554 723 2625 rei
751 2569 871 2626 natura
892 2578 959 2627 nou
984 2554 1111 2653 patitur
1134 2570 1172 2628 ut
1195 2555 1269 2629 eius

156 2661 318 2747 uoluntati
338 2671 397 2743 fiat
414 2671 509 2743 satis.
520 2671 607 2742 Dum
621 2686 732 2744 orator
747 2669 848 2743 vellet
865 2670 1112 2769 separationem
1129 2696 1272 2772 eamque

158 2787 347 2861 absolutam
365 2785 535 2859 societatis
554 2786 597 2858 ab
615 2785 776 2871 ecclesia,
796 2783 896 2858 vellet
912 2784 1082 2860 interitum
1100 2787 1269 2861 societatis

159 2903 298 3002 ipsius,
330 2901 614 3000 quemadmodum
638 2900 739 2973 vellet
763 2915 903 2973 mortem
928 2899 1075 2974 alieuius
1099 2903 1266 2988 viventis,

158 3018 217 3119 qni
237 3017 336 3091 vellet
352 3016 597 3116 separationem
614 3015 749 3087 animae
766 3040 786 3086 a
804 3040 954 3113 corpore.
971 3013 1069 3101 Quod
1088 3014 1118 3087 si
1136 3015 1167 3086 ei
1184 3014 1270 3113 legis

158 3135 297 3208 schema
322 3133 424 3206 nimis
451 3131 597 3206 tribuere
621 3129 964 3216 videturseoolesiae,
992 3128 1057 3203 hoo
1081 3129 1206 3228 pendet
1229 3155 1270 3202 ex

158 3250 264 3324 nimio
286 3250 421 3335 affectu,
450 3273 518 3346 quo
544 3247 618 3346 ipse
642 3246 678 3317 in
702 3245 881 3319 ecclesiam
906 3244 1106 3318 catholicam
1130 3261 1270 3318 matrem

159 3392 255 3439 suam
269 3366 385 3438 fertur.
397 3365 471 3436 Heu
488 3377 569 3462 quot
586 3361 753 3436 eiusmodi
771 3361 920 3458 ingratos
942 3376 1044 3460 atque
1068 3361 1269 3436 inhumanos

159 3482 247 3556 filios
272 3481 308 3553 in
333 3480 411 3553 sinu
436 3504 499 3552 suo
523 3478 628 3551 nutrit
647 3476 808 3550 ecclesia!

230 3597 304 3668 Non
331 3594 439 3666 solum
464 3591 575 3666 medio
599 3617 699 3676 aevo,
722 3591 782 3664 sod
807 3607 840 3666 et
864 3617 884 3664 a
910 3592 982 3666 suis
1005 3593 1219 3691 primordiis,
1239 3607 1272 3664 et

158 3710 319 3811 deinceps
344 3735 385 3783 ac
409 3735 543 3809 semper
566 3706 710 3780 ecclesia
733 3706 886 3780 benefica
910 3707 996 3795 fuit,
1030 3724 1063 3781 et
1087 3709 1161 3794 erit,
1189 3709 1271 3807 quia

159 3825 237 3899 talis
253 3840 307 3899 est
326 3827 473 3898 essentia
498 3849 578 3909 sna,
603 3849 682 3895 nam
704 3822 902 3896 informatur
918 3851 939 3897 a
955 3824 1022 3898 fide
1039 3841 1072 3898 et
1088 3824 1266 3909 charitate,

158 3967 247 4040 quae
272 3966 457 4039 numquam
478 3937 602 4012 excidit
618 3941 707 4034 (39).
725 3939 875 4012 Potestas
897 3954 1010 4012 autem
1034 3937 1145 4011 civilis
1172 3962 1274 4010 suam

231 4165 282 4229 (aa)
295 4164 334 4215 cf.
347 4166 477 4227 magiam
492 4176 555 4227 opus
564 4163 633 4214 card.
644 4164 722 4214 caiet.
734 4162 879 4226 Balnffimui
895 4161 995 4213 titulus:
1010 4163 1047 4211 ln
1057 4161 1144 4212 cutm
1159 4171 1272 4210 romono

157 4246 336 4296 riconosciuto
350 4242 409 4295 allo
423 4255 474 4294 mu
491 4241 580 4293 corito
595 4255 669 4293 narso
684 4242 707 4293 tl
721 4245 850 4307 prosstmo
864 4253 912 4306 par
927 4241 955 4291 lo
970 4253 1034 4291 ocra
1047 4239 1135 4292 chiac
1152 4238 1182 4288 dt
1204 4237 1271 4289 aetat

158 4327 247 4374 cristo
257 4324 310 4374 vot.
320 4324 381 4374 iar-s.
393 4325 473 4374 lmola
487 4327 554 4374 185⁴.
565 4323 607 4372 uhi
617 4321 649 4372 de
659 4322 860 4384 hocarguurento
870 4321 979 4383 plancae
990 4318 1200 4441 eruditediaacrip.
