2872 5062
214 375 1075 429 mr.runsmcumrroamrsemunciarium.
1153 357 1225 427 395

101 497 269 597 primario
286 496 333 568 ad
352 494 546 568 felicitatem
565 513 754 583 adernam,
778 522 882 567 uuam
900 495 1039 595 quidem
1056 497 1102 568 ab
1117 495 1223 570 altera

103 615 262 686 destiterit
283 629 503 712 potestatem,
524 637 592 684 nou
608 627 720 684 tamen
741 611 857 683 divisit
868 628 928 684 aut
939 615 1130 710 separavit,
1148 638 1226 711 par·

103 730 184 801 iude
205 755 250 801 ac
273 729 305 800 si
329 728 485 801 diversae
508 745 624 800 esseut
644 729 835 801 societates.
864 729 948 800 liam
968 755 1038 800 una
1062 729 1227 828 eodemqe

104 862 157 918 est
178 845 325 918 societas
336 901 346 928 ,
356 837 454 942 'quae
470 844 597 940 regitur
610 843 655 915 ab
666 861 810 943 utraque
827 860 992 943 potestate
1009 845 1074 917 sub
1090 845 1226 918 diuerso

111 976 287 1059 respectu,
312 985 469 1058 quaeque
485 959 544 1029 uni
563 959 681 1032 subest
705 960 833 1032 auctori
850 987 891 1033 ac
907 961 1051 1034 Domino
1068 960 1217 1032 Christo.

107 1075 404 1163 Quemadmodum
433 1075 590 1174 superius
616 1074 783 1161 diximus,
809 1078 857 1148 ita
881 1103 919 1148 se
944 1075 1047 1148 habet
1072 1092 1224 1174 potestas

106 1193 246 1291 politica
263 1192 308 1264 ad
330 1208 527 1290 potestatem
553 1189 817 1264 ecclesiasticam
834 1218 876 1263 ex
894 1191 1220 1290 doetrinapatrum,

107 1308 157 1380 uti
182 1334 221 1381 se
245 1306 349 1380 habet
380 1333 503 1405 corpus
535 1306 580 1378 ad
612 1307 783 1394 animam,
812 1333 902 1406 quae
925 1305 1010 1378 illud
1041 1307 1221 1393 informat,

107 1423 194 1520 regit
211 1448 254 1495 ac
264 1421 476 1495 moderatur.
492 1422 667 1520 Separatio
684 1421 828 1493 duamm
851 1421 1047 1494 societatum
1068 1419 1226 1520 politicae

110 1563 151 1610 ac
175 1536 359 1634 religiosae
381 1554 436 1609 est
458 1537 651 1623 inventum,
675 1554 716 1608 ut
733 1537 902 1621 vidimus,
933 1536 1225 1610 schismaticorum

110 1652 217 1726 medii
233 1654 329 1738 aevi,
349 1652 441 1750 quod
458 1653 604 1750 primum
622 1668 847 1752 protestantes
871 1670 1090 1752 acceperunt,
1109 1667 1228 1751 postea

108 1795 189 1842 uero
212 1767 393 1840 increduli.
411 1767 575 1853 Quocirca
595 1769 764 1866 separatio
774 1785 968 1842 contractus
986 1768 1228 1841 cirilis'coniu-

110 1883 233 1980 galisa
245 1899 458 1957 sacramento
475 1883 512 1954 in
529 1883 697 1979 coniugiis
713 1883 910 1957 christianis
931 1901 984 1956 est
1003 1898 1227 1956 commentum

114 1998 475 2098 pseudo-politicorum
500 1997 626 2070 seculis
647 1999 811 2071 anteactis
835 2024 976 2097 prorsus
997 1996 1201 2070 inauditum,

183 2114 278 2186 Dixit
300 2114 438 2213 quidem
463 2113 638 2186 Christus:
668 2115 816 2211 llepoom
839 2108 1032 2186 meum'con
1045 2129 1096 2185 est
1111 2113 1151 2184 dc
1169 2114 1228 2184 ltoc

110 2230 253 2314 mado,
282 2230 317 2301 id
342 2247 395 2302 est
419 2245 600 2313 terrenum,
629 2256 691 2301 seu
715 2255 855 2325 regnum
880 2256 992 2301 meum
1017 2255 1085 2302 non
1110 2243 1164 2301 est
1180 2243 1229 2303 -ut

113 2372 217 2443 regna
228 2362 382 2431 terrena,
399 2345 460 2418 sed
472 2344 611 2417 alterius
636 2344 737 2444 plane
760 2363 916 2429 naturae,
931 2360 968 2417 ut
981 2360 1129 2442 patet-ex
1146 2368 1228 2416 cou-

110 2479 203 2534 tertu
227 2461 318 2555 (78).
343 2459 441 2545 Quod
468 2460 498 2531 si
528 2459 658 2558 antiqui
685 2458 801 2559 populi
822 2473 1003 2558 utramque
1027 2472 1227 2557 potestatem

110 2575 281 2676 politicam
306 2593 340 2648 et
371 2574 562 2672 religiosam
597 2575 889 2673 permiscuerunt,
924 2575 1005 2648 inde
1043 2573 1226 2675 pmrenit,

111 2692 204 2793 quod
228 2691 380 2792 supremi
404 2692 609 2791 imperantes
635 2690 701 2765 sibi
722 2708 900 2792 utramque
925 2692 1171 2793 adscripserint
1188 2715 1230 2765 ac

184 2897 236 2961 (78)
252 2898 330 2949 cuius
350 2897 451 2960 quidem
472 2898 679 2961 interpretationis
697 2899 773 2950 rades
790 2898 878 2951 damus
888 2912 938 2950 non
950 2901 1062 2963 eregetas
1079 2886 1228 2955 catolicos,

112 2978 192 3028 molto
201 2991 261 3028 vero
270 2979 353 3027 minas
363 2977 479 3040 iesuitas,
491 2977 535 3040 qui
545 2977 712 3027 hilaritatem
727 2979 862 3028 excitarent
876 2979 902 3027 in
917 2979 1053 3040 subalpinis
1068 2977 1190 3037 comitiis,
1204 2980 1234 3026 ut

113 3058 148 3107 ni
157 3058 265 3118 dicitur,
276 3056 319 3106 sed
329 3058 504 3119 protestantes,
515 3057 566 3105 imo
576 3059 601 3106 et
612 3057 777 3107 rationalistas
785 3072 848 3120 qnos
856 3057 993 3107 adversarii
1003 3056 1081 3106 nostri
1088 3055 1189 3105 maioris
1195 3056 1230 3105 la·

108 3139 188 3189 ciunt.
203 3136 283 3201 igitur
300 3138 470 3188 Roscnmriller
488 3136 571 3187 senior
585 3138 612 3187 lu
633 3138 734 3187 scholiis
751 3139 784 3186 ad
804 3141 840 3187 lo.
854 3140 943 3187 lell.
956 3145 995 3188 ³6.
1008 3138 1044 3188 ita
1054 3136 1129 3187 verba
1139 3137 1232 3205 christi

110 3221 221 3268 enarrat:
233 3238 246 3261 a
258 3222 376 3280 Repetam
387 3231 475 3268 meum
486 3231 538 3267 non
550 3221 589 3266 est
601 3220 743 3268 terrenam,
765 3205 832 3264 εἶναι
853 3209 881 3262 ἐκ
899 3210 947 3262 τοῦ
965 3211 1078 3281 uesperi,
1095 3214 1232 3280 siguificare

111 3300 193 3363 potest
203 3299 242 3348 vel
251 3299 371 3361 originem
381 3311 518 3348 sumereex
527 3297 728 3360 lrislrominiltus;
738 3298 776 3347 rei
788 3297 869 3347 simile
877 3298 1232 3360 esseregnoterrcuc.Utrum·

111 3392 162 3448 qne
175 3378 264 3429 codem
281 3378 347 3428 radit
356 3417 364 3441 ‚
374 3378 396 3428 si
406 3379 526 3429 mutantia
540 3380 671 3443 spectetur.
682 3378 763 3428 verba
772 3381 855 3429 umen
866 3379 995 3441 sequentia
1004 3377 1144 3443 declarant,
1155 3377 1234 3441 mapa

110 3463 239 3522 naturam,
252 3472 329 3522 quam
339 3460 459 3523 originem
469 3459 537 3521 regui
549 3458 662 3508 indicari.
674 3461 777 3508 Sensus:
788 3461 899 3522 Regnum
909 3472 992 3508 meum
1001 3471 1051 3510 uon
1061 3459 1099 3509 est
1108 3458 1183 3508 liuius
1193 3470 1233 3521 ge·

110 3536 178 3590 ueris
187 3538 260 3589 cuius
271 3542 330 3588 sunt
346 3552 420 3601 regua
434 3541 544 3599 terrena,
554 3538 623 3588 velut
631 3541 761 3598 omarum,
771 3540 863 3588 statum
873 3538 969 3602 imperii
981 3526 1078 3588 romani
1087 3551 1137 3589 uou
1148 3537 1234 3588 laedit.

109 3612 137 3665 αἱ
156 3610 285 3684 daupeins
294 3639 308 3652 ·
316 3613 372 3672 τοῖς
385 3611 529 3673 Ἰουδαίοις.
543 3619 675 3670 Sauum
688 3622 740 3670 mei
751 3607 945 3684 dcprtpnaiscnt
957 3625 1100 3686 quantinus
1113 3620 1235 3686 symm

113 3697 264 3762 (captivus)
277 3697 407 3748 traderer.
419 3697 540 3748 liaberem
552 3700 674 3748 armatum
688 3699 850 3762 satellitium,
863 3700 978 3760 staterem
994 3702 1127 3752 instructas
1139 3699 1232 3764 copias,

112 3776 237 3841 praesidia
249 3777 402 3828 decertarent
410 3779 486 3827 armis
496 3791 541 3841 pro
551 3791 603 3840 me,
613 3792 644 3829 uc
655 3778 738 3830 iudaei
750 3780 806 3843 hoc,
814 3780 882 3844 quod
893 3781 1029 3831 moliuntur
1038 3782 1064 3831 in
1074 3794 1123 3842 me,
1133 3781 1234 3844 impunc

112 3858 248 3910 lwtrffll.»

188 3939 296 3988 liuinotl
308 3940 390 3988 autem
402 3939 463 3989 alter
472 3939 627 3988 rationalista
638 3940 664 3988 in
673 3940 747 3989 eund.
759 3939 806 3989 loc.
814 3940 851 3990 sic
862 3941 955 3992 curisti
967 3940 1040 3991 rerba
1052 3939 1167 4002 exponit:
1180 3937 1236 3989 «sd

114 4018 276 4070 refellendam
295 4018 440 4069 iudaeorum
459 4019 624 4081 ouumniam,
634 4019 701 4083 quod
713 4032 740 4069 se
750 4033 831 4083 regem
840 4023 980 4072 temesaem
999 4018 1116 4082 dirissct3
1129 4017 1239 4070 declarat

113 4103 193 4163 lesus,
200 4112 305 4163 reguum
315 4113 388 4150 saum
399 4113 448 4149 non
458 4113 513 4150 esse
520 4104 656 4162 terrenum,
663 4100 775 4164 adeoque
780 4102 925 4164 neutiquam
932 4100 1039 4150 mmanis
1047 4099 1236 4163 periculosum.»

189 4182 277 4243 ltaque
289 4178 379 4231 melius
389 4179 486 4230 iecisset
494 4181 594 4230 senator
604 4179 762 4244 subalpiuus,
775 4181 797 4230 si
806 4180 934 4242 allegasset
944 4178 1020 4228 verba
1032 4178 1126 4229 christi
1136 4177 1234 4230 Mottlt.

112 4258 358 4311 ultllotcertmtltt
367 4261 451 4308 omnis
459 4260 611 4322 potestastis
620 4259 694 4310 coelo
704 4261 731 4310 et
742 4262 771 4310 tn
783 4262 873 4320 terra5
882 4272 928 4309 uec
937 4257 1106 4323 usurparat.
1118 4261 1183 4310 xlx.
1198 4265 1235 4309 to.

110 4337 153 4388 abi
162 4339 195 4390 dc
205 4338 306 4390 Christo
320 4339 439 4402 scriptum
450 4341 500 4398 est,
511 4337 578 4402 quod
587 4339 620 4389 sit
630 4341 686 4390 lice
695 4351 788 4402 recum
804 4341 831 4389 ct
848 4341 975 4402 Domlrnm
991 4337 1195 4389 dom-inanitum.
