2872 5062
169 366 236 436 130
364 384 425 432 uin.
447 383 469 432 r.
491 382 576 457 saur.
599 382 620 430 1.
641 382 681 431 nr
704 382 834 432 urrmu.
856 382 1066 435 siemunuro.

168 502 277 574 luerit.
295 499 353 570 Vix
378 498 467 571 enim
493 523 582 569 nunc
606 513 720 571 auctor
745 497 887 572 alicuius
912 501 1055 573 nominis
1082 503 1264 604 reperitur,

167 616 225 715 qni
251 615 286 685 in
312 612 449 685 dubium
476 627 606 685 revocet
628 610 800 684 veritatem
834 614 1031 686 sacramenti
1057 615 1181 703 iniis,
1209 618 1267 715 qui

167 754 227 828 per
258 741 486 827 procuratores
512 725 711 813 contrahunt
734 725 1000 813 matrimonium,
1028 727 1129 801 immo
1154 745 1187 802 et
1212 756 1265 805 ec·

166 840 270 914 clesia
294 840 369 939 ipsa
394 839 428 908 in
453 838 547 935 praxi
572 854 744 937 procerte
769 839 804 910 id
829 838 941 912 habet.

207 965 210 971 ’
239 958 273 1028 8.
301 956 395 1028 Ratio
420 970 542 1041 autem,
562 980 630 1052 qua
646 953 787 1026 ecclesia
811 953 910 1042 illos,
931 956 989 1054 qui
1008 956 1081 1029 sine
1098 959 1270 1033 sacerdote

168 1080 246 1142 sunt
269 1066 461 1154 coniuncti,
491 1077 667 1166 praecepto
692 1092 758 1139 non
784 1083 894 1164 urget,
915 1083 953 1140 ut
969 1094 1005 1141 se
1024 1095 1135 1142 coram
1160 1097 1270 1145 sacer-

166 1184 243 1256 dote
256 1183 392 1270 sistant,
409 1198 442 1255 et
454 1207 513 1282 per
526 1181 600 1254 eius
618 1180 882 1255 benedictionem
901 1192 1144 1257 sacramentum
1161 1186 1271 1260 susci-

167 1296 278 1394 piant,
309 1307 388 1382 est,
420 1295 510 1395 quod
540 1294 608 1394 ipsi
642 1320 775 1394 semper
798 1320 995 1393 persuasum
1020 1296 1083 1370 suit
1112 1323 1169 1370 eos
1201 1298 1268 1372 iam

166 1436 227 1508 per
250 1421 455 1484 contractum
479 1408 686 1506 coniugalem
711 1425 955 1483 sacramentum
972 1411 1171 1498 confecisse,
1192 1439 1268 1486 oum

166 1536 347 1623 numquam
373 1523 407 1594 in
432 1521 595 1619 coniugiis
620 1520 876 1596 christianorum
895 1521 1036 1597 eeclesia
1060 1523 1199 1597 alterum
1224 1525 1268 1598 ab

166 1636 268 1711 altero
288 1636 477 1710 distinxerit
508 1637 596 1731 (ll).
625 1635 733 1722 Quam
759 1635 1003 1710 distinctionem
1024 1638 1171 1711 omnium
1199 1641 1269 1738 pri-

165 1776 259 1837 mus,
274 1766 312 1823 ut
329 1749 553 1836 ostendimus,
574 1748 685 1822 Canus
703 1749 838 1855 invexit.
850 1749 984 1824 Ceterae
997 1751 1159 1839 rationes,
1180 1779 1269 1851 quac

165 1864 328 1937 adductae
349 1878 444 1950 sunt,
462 1863 607 1936 'nonnisi
632 1863 840 1944 coniecturae
859 1879 952 1950 sunt,
973 1890 1098 1962 eaeque
1114 1864 1263 1940 fallaces.

237 1981 270 2048 9.
299 1977 397 2064 Quod
416 1976 593 2050 nonoloco
613 1975 746 2049 dicitur
759 1976 801 2050 de
826 1977 998 2057 sanatione
1013 1979 1214 2051 matrimonii
1231 1982 1267 2053 iu

162 2092 271 2165 radice
283 2119 324 2166 ex
336 2091 422 2176 falsa
438 2091 619 2192 hypothesi
636 2092 756 2178 oritur,
773 2117 893 2189 nempe
904 2091 947 2164 de
963 2092 1172 2191 separatione
1188 2119 1267 2167 con—

163 2199 289 2282 tractus
303 2234 325 2280 a
339 2222 562 2292 ,sacramento
579 2208 663 2280 -Nam
682 2207 711 2278 si
728 2231 796 2278 una
817 2206 1001 2304 eademque
1024 2207 1200 2305 utriusque
1216 2225 1268 2282 est

163 2324 247 2396 ratio
259 2379 267 2410 ,
281 2339 352 2409 ,aut
377 2327 444 2397 non
461 2321 589 2396 tollitur
606 2321 775 2408 delectuS,
796 2319 854 2418 qui
872 2319 1000 2404 nullum
1017 2320 1175 2405 reddebat
1191 2347 1267 2395 con·

163 2452 319 2523 tractum,
347 2452 499 2524 attunt,
529 2443 595 2509 n'on
619 2437 780 2509 existente
806 2450 996 2521 contractu,
1023 2462 1135 2533 neque
1156 2462 1267 2510 sacra-

161 2566 316 2623 mentum
338 2551 473 2637 existit3
504 2551 630 2623 autito
656 2565 792 2635 sanatur
824 2549 987 2622 eiusmodi
1022 2549 1197 2636 delectus,
1231 2568 1268 2624 ut

162 2679 348 2738 contractus
374 2681 529 2762 exurgat,
554 2680 587 2737 et
611 2680 689 2736 tunc
714 2665 827 2762 ipsum
852 2663 981 2762 exurgit
1006 2680 1262 2746 sacramentum.

161 2781 228 2870 Nec
259 2779 356 2866 obest
389 2780 479 2880 quod
511 2779 613 2854 veluti
646 2778 829 2852 absurdum
861 2778 1061 2867 traducitur,
1091 2778 1134 2852 ab
1164 2779 1266 2854 huius

162 2896 345 2981 sententiae
368 2887 518 2994 patrem}
535 2895 580 2968 de
595 2894 766 2968 sacerdote
788 2895 956 2980 ministro,
977 2893 1094 2967 confici
1112 2893 1268 2977 videlicet

162 3010 552 3108 sacramentum'ins'ciis
576 3008 869 3096 contrahentibus,
898 3035 959 3081 seu
983 3008 1167 3096 ministris;
1187 3027 1265 3093 nam

159 3123 212 3198 vel
229 3126 321 3222 ‘ipsis
342 3123 543 3210 latentibus,
567 3149 769 3209 consensus,
790 3122 848 3222 qui
867 3122 909 3194 ab
927 3122 1021 3194 initio
1038 3121 1081 3194 ob
1098 3121 1264 3204 occultum

160 3239 436 3336 impedimentum
459 3237 571 3323 nullus
596 3237 865 3334 extitit,4iugiter
883 3262 943 3309 seu
960 3234 1128 3311 moraliter
1150 3263 1264 3334 persc-

160 3367 275 3439 verat;
308 3372 401 3426 cum'
415 3351 723 3452 proindessufficiat
747 3350 883 3450 moralis
908 3350 991 3424 haec
1016 3353 1264 3448 perseverantia

160 3489 344 3541 consensus
372 3467 522 3564 praestiti
547 3467 588 3562 ad
615 3465 893 3540 convalidandum
912 3465 1172 3538 matrimonium
1196 3492 1264 3565 qua

232 3671 283 3735 (il)
298 3673 377 3722 liuius
388 3673 422 3722 rei
432 3685 481 3722 non
493 3671 623 3722 obscurum
634 3671 805 3722 documentum
816 3669 933 3721 babemus
941 3670 967 3720 in
977 3669 1093 3738 rescripto
1104 3667 1162 3719 dato
1173 3667 1214 3718 die
1223 3676 1261 3720 tt.

159 3749 236 3813 April.
244 3753 312 3800 ¹795.
323 3763 338 3800 a
348 3749 538 3812 congregatione
551 3763 595 3812 pro
606 3744 708 3812 negotiis
717 3749 833 3800 ecclesiae
844 3748 977 3810 gallicanae
987 3747 1118 3810 aeonum
1137 3746 1265 3810 petebatur

158 3827 280 3892 siquidem
297 3827 359 3878 inter
376 3828 441 3878 aliu:
458 3828 611 3892 «supposito
628 3827 695 3891 quod
714 3826 896 3876 matrimonium
915 3825 1063 3877 celebratum
1073 3825 1155 3892 tinnit
1174 3825 1266 3891 absque

159 3906 326 3959 bencdictione
337 3908 483 3969 sacerdotis,
495 3908 538 3970 qui
548 3909 607 3957 tunc
618 3906 741 3970 (hutnore
749 3905 887 3956 rebellionis
897 3904 1017 3968 gallicae)
1034 3904 1118 3954 baberi
1134 3916 1184 3953 non
1196 3906 1262 3968 potc-

159 3989 196 4037 rat
203 4023 211 4050 ,
223 4001 255 4038 an
267 3988 395 4038 conveniat
403 4000 447 4037 nec
457 4000 487 4036 ne
496 3987 524 4037 ut
533 3986 641 4049 praelata
658 3984 792 4034 benedictio
804 3986 888 4047 postea
900 3983 1049 4046 suppleatur.
1062 3982 1099 4032 Ad
1112 3983 1178 4032 banc
1188 3996 1262 4046 quae·

156 4066 259 4116 stionem
276 4066 325 4117 ianr
343 4066 402 4116 oiim
421 4065 570 4128 propositam
586 4077 726 4127 responsum
743 4066 802 4114 tunc
817 4063 865 4112 init
875 4061 969 4125 fideles
990 4061 1133 4112 bertandus
1146 4073 1201 4112 esse
1216 4064 1261 4125 et,

156 4156 216 4195 cum
225 4143 474 4208 saoeruotucoplam
484 4140 747 4206 uehementissimi
756 4152 784 4190 ec
793 4139 1107 4204 benedictioncmpetcat‚
1117 4143 1166 4204 qui
1175 4142 1262 4190 tamen

157 4222 212 4275 illts
226 4222 387 4286 declarabit,
401 4221 552 4291 huiusmodi
568 4219 768 4293 benedictionem
781 4233 813 4269 uu
824 4232 985 4270 vrumrrrrau
999 4232 1086 4269 arnus
1101 4231 1262 4269 rennuere.»

157 4301 227 4364 Apud
237 4304 317 4352 Moser
328 4299 461 4352 Declarct.
472 4313 504 4355 ac
514 4298 619 4356 decretu
628 4295 799 4372 rumpentis.
810 4309 835 4347 n.
843 4299 887 4346 ix.
903 4367 904 4370 Ἴ
1014 4356 1018 4363 .
