2872 5062
171 363 1081 417 carmuemnnn.sconsum.smnnmmnnnnman
1137 346 1205 416 113

100 496 250 579 quaeest
262 481 305 553 ad
319 480 475 569 Probum,
491 480 662 554 constituit
678 508 708 555 s.
721 482 870 555 Pontifex
886 482 1120 556 indissolubile
1131 510 1208 558 esse

100 594 302 668 connubium
328 610 425 668 antea
455 595 574 667 initum
601 621 622 668 a
646 597 802 670 Fortunio
825 622 902 670 cum
928 598 1031 684 Ursa,
1060 622 1122 671 nec
1147 625 1207 696 po

100 707 204 781 tuisse
217 707 412 780 Fortunium
423 707 572 780 validum
590 708 682 783 aliud
701 709 786 781 inire
803 710 994 806 coniugium
1012 736 1087 784 cum
1100 710 1204 784 Resti-

100 839 188 910 tuta,
216 848 256 896 eo
281 823 372 922 quod
399 823 484 896 Ursa
508 823 543 895 in
569 823 758 923 captivitate
782 823 995 898 detineretur.
1023 825 1106 899 Heio
1129 853 1208 901 vero

100 962 160 1010 nec
184 935 429 1010 benedictionis
452 935 669 1010 sacerdotalis
693 935 764 1010 ulla
788 936 827 1010 lit
850 938 986 1011 mentio.
1003 939 1090 1036 Ergo
1107 941 1208 1014 lnno-

99 1050 229 1125 centius
254 1048 390 1125 nullum
424 1051 619 1150 suppeditat
649 1050 901 1124 fundamentum
926 1051 970 1125 ad
1001 1054 1207 1130 sacerdotem

86 1164 341 1245 ,adstruendum
366 1165 566 1239 sacramenti
591 1165 790 1239 matrimonii
816 1165 1018 1240 ministrum.

150 1320 153 1325 <
170 1278 236 1350 Sed
254 1303 364 1376 neque
380 1277 490 1351 eidem
508 1278 693 1352 sentcntiae
718 1279 922 1376 suffragatur
938 1280 1130 1356 Timotheus
1148 1309 1209 1382 pa-

99 1391 261 1479 triarcha,
283 1391 341 1491 qui
360 1390 485 1489 pariter
505 1391 631 1465 nullam
647 1391 890 1468 benedictionis
907 1394 1108 1468 mentionem
1125 1397 1208 1471 inie-

98 1507 154 1580 cit.
176 1508 244 1580 Nec
266 1504 378 1580 obstat
400 1506 652 1606 quedelericoe
676 1507 807 1582 dicatur
829 1509 1041 1608 coniungam
1069 1510 1208 1608 perinde

99 1622 188 1695 enim
208 1620 265 1695 bic
279 1620 370 1696 'valet
392 1621 611 1718 coniungere,
633 1637 735 1721 atque
751 1646 946 1696 concurrere
963 1648 1023 1721 per
1039 1640 1207 1699 servatum

97 1735 385 1809 ccclesiaa'ritum
409 1736 444 1807 in
469 1734 690 1810 celebratione
714 1735 873 1836 coniugii.
895 1735 992 1823 Quod
1017 1763 1114 1812 nemo
1137 1765 1209 1812 um·

97 1874 200 1948 mam
223 1849 394 1925 inficiatus
420 1865 483 1924 est.

45 2005 47 2009 ·
169 1963 262 2037 ldem
279 1963 335 2038 dio
350 1963 395 2038 da
410 1979 501 2038 textu
518 1964 670 2065 Syncsii,
685 1989 753 2064 quo
768 1964 843 2066 ipse
855 1963 1047 2061 significare
1062 1965 1206 2042 intendit

98 2077 282 2176 legitimum
299 2103 338 2154 se
353 2079 561 2154 contraxisse
577 2079 782 2176 coniugium.

120 2231 124 2236 ·
169 2194 205 2265 S.
216 2193 436 2292 Augustinus,
448 2209 486 2268 ut
497 2194 570 2268 eius
584 2192 687 2267 uerba
700 2191 882 2279 declarant,
894 2191 979 2264 nihil
996 2190 1089 2265 aliud
1102 2195 1208 2290 signi-

99 2306 187 2395 ficat,
203 2332 305 2407 quam
315 2333 428 2383 senon
440 2333 542 2407 posse
554 2305 745 2406 permittere
757 2303 948 2401 coniugium
960 2304 1143 2378 ineundum
1156 2307 1208 2378 in-

101 2435 149 2495 ter
159 2421 295 2496 fidelem
303 2422 524 2509 otinlidelem.
534 2421 624 2509 Quid
638 2420 717 2493 inde
727 2444 788 2520 pro
797 2434 1007 2519 propugnata
1019 2421 1210 2495 sententia?

170 2536 206 2606 S.
228 2534 403 2634 Gregorius
430 2536 654 2610 nazianzenus
679 2549 818 2609 excusat
837 2558 875 2606 se
889 2533 990 2632 quod
1015 2559 1082 2607 non
1107 2526 1211 2608 inter·

100 2648 201 2722 luerit
224 2675 301 2724 cum
326 2650 444 2725 ceteris
469 2650 638 2749 episcopis
672 2647 886 2721 celebrationi
919 2648 1066 2745 coniugii
1091 2647 1211 2749 Olym-

102 2763 212 2861 piadis
235 2765 279 2840 ob
303 2766 427 2852 uarias,
449 2775 534 2865 quas
550 2764 598 2837 ibi
615 2778 787 2837 enumerat
802 2789 936 2851 causas,
956 2789 1023 2838 non
1041 2780 1151 2837 autem
1169 2790 1209 2836 ex

103 2876 192 2951 mola
212 2876 515 2952 uoluntate.«Nam
536 2876 679 2978 alioqui,
700 2876 830 2964 subdit,
851 2891 1012 2976 quantum
1029 2877 1073 2949 ad
1089 2877 1212 2950 uolun-

103 3006 203 3065 tatem
225 2991 362 3081 attinet,
389 3007 423 3067 et
446 2993 584 3080 adsum,
612 3005 645 3064 et
669 2989 769 3065 simul
794 2991 925 3094 festum
942 2989 1094 3077 celebro,
1115 2989 1212 3062 iove·-

102 3102 256 3204 nilesque
270 3105 405 3179 dextras
421 3106 508 3180 inter
523 3130 562 3178 se
577 3105 696 3202 iunge,
712 3120 812 3204 atque
827 3118 990 3202 utrasque
1000 3103 1061 3175 Dei
1077 3102 1206 3176 manui.

102 3217 264 3294 Convenit
293 3219 403 3308 enim,
429 3235 469 3293 ut
491 3218 774 3321 quemadmodum
799 3217 867 3292 alia
891 3218 1003 3290 omnia
1027 3216 1134 3306 bona,
1161 3216 1208 3292 ita

103 3333 349 3407 matrimonium
374 3360 509 3434 quoque
533 3334 568 3405 in
593 3333 755 3433 optimum
780 3358 948 3432 quemque
972 3332 1090 3421 linem,
1109 3346 1144 3406 et
1159 3357 1210 3406 se

103 3446 250 3521 cundum
275 3449 467 3523 communia
490 3464 604 3522 nostra
622 3462 700 3523 uota
716 3447 811 3521 fiat.»
822 3447 872 3519 llx
889 3446 1017 3547 quibus
1032 3446 1209 3547 postremis

103 3561 213 3635 uerbis
237 3544 345 3661 liquet
368 3588 409 3637 eo
433 3577 604 3663 spectasse
629 3589 658 3637 s.
675 3561 889 3659 Gregorium,
907 3578 945 3635 nt
961 3562 1208 3636 matrimonium
1337 3617 1340 3620 -

103 3700 123 3748 a
137 3673 297 3749 fidelibus
313 3675 454 3750 iniretur
470 3676 513 3749 ed
529 3674 776 3776 beneplacitum
792 3673 955 3750 ecclcsiae
970 3674 1205 3775 praelatorum,

104 3885 202 3939 numani
218 3887 314 3952 gnaro
331 3888 548 3954 coniungerentur,
558 3886 590 3940 ab
602 3891 659 3954 tpso
668 3890 779 3939 Domino
787 3890 842 3939 sint
853 3887 1094 3945 benedtctt...Quam
1105 3885 1210 3936 lotnmm

105 3967 178 4018 eoam
187 3967 326 4020 sacerdoms
337 3981 422 4020 omncs
429 3981 526 4020 marma
534 3981 594 4019 usos
604 3967 657 4031 lpse
666 3966 817 4018 demonstrat
827 3966 951 4018 ecclesiae.
965 3965 1030 4016 satis
1041 3964 1110 4015 'anim
1127 3963 1211 4016 absur-

104 4044 162 4096 dnm
172 4047 212 4098 att
221 4046 330 4110 ellonem
342 4045 453 4110 madere,
464 4059 565 4098 uxorem
577 4047 634 4097 eote
643 4045 791 4110 beptbmum
803 4047 927 4110 acceptam
936 4045 993 4109 post
1001 4041 1151 4107 baptismum
1160 4055 1210 4093 non

105 4124 253 4189 computant,
264 4136 321 4176 com
332 4124 470 4193 benedictio
474 4162 482 4190 ,
493 4138 557 4190 quae
567 4137 610 4190 per
619 4124 770 4176 sacerdotem
781 4123 854 4189 super
866 4124 984 4174 nubentes
995 4121 1141 4185 imponitur,
1160 4132 1210 4171 non

106 4202 230 4254 mdertam
239 4202 399 4268 delinquam
408 4202 518 4269 dedisse,
533 4203 576 4255 sed
586 4204 692 4256 formam
704 4203 809 4256 moutam
819 4203 879 4268 legis
892 4216 907 4254 a
919 4206 971 4255 Deo
981 4202 1130 4267 onttquttce
1141 4199 1210 4251 inso-

105 4283 168 4336 tutoe
176 4282 320 4337 doceatur.»
331 4284 404 4351 Apud
412 4286 532 4338 condant
545 4298 599 4350 pag.
610 4288 665 4338 tta.

1145 4392 1163 4442 8
