2872 5062
234 331 302 402 tta
433 352 497 401 nin.
519 352 542 400 ι.
565 351 655 402 sner-
674 353 804 402 aarum.
826 354 866 402 na
884 353 1016 404 unrmu.
1033 354 1141 404 civim.

306 469 405 556 Quod
432 470 548 543 adiicit
564 470 607 543 de
625 469 788 568 religione
804 470 849 543 ad
867 473 993 544 eoelum
1018 473 1181 546 evehente
1195 491 1296 572 pacto
1315 480 1351 548 io

233 588 330 661 terris
354 589 481 671 iurata,
503 587 546 660 dc
568 587 824 660 confirmatione
841 603 874 660 et
891 587 1126 662 benedictione
1150 590 1351 664 adveniente

236 705 293 791 iis,
310 730 398 804 quae
413 718 561 803 potestas
574 703 686 776 civilis
699 704 892 790 constituit,
914 703 1057 778 mirifice
1075 707 1165 804 quod
1179 707 1347 792 diximus,

234 821 408 919 patefacit;
431 820 505 919 ipse
522 819 612 893 enim
631 820 793 918 supponit
810 818 1006 916 religionem
1025 847 1085 893 seu
1103 839 1351 896 sacramentum

233 937 381 1010 accedere
399 962 460 1010 seu
478 936 581 1008 adiici
607 936 791 1009 contractui
819 935 931 1023 civili,
956 938 1053 1035 quasi
1079 963 1201 1037 nempe
1219 965 1281 1037 per
1298 968 1352 1014 so-

233 1052 304 1125 lum
329 1067 440 1126 actum
466 1051 602 1124 civilem
627 1051 721 1123 fieret
746 1050 1015 1137 matrimonium,
1043 1067 1078 1124 et
1097 1067 1200 1150 pactu
1224 1056 1347 1138 iurato,

233 1184 271 1242 ut
288 1169 362 1268 ipse
379 1168 541 1268 loquitur,
562 1167 660 1240 firma
676 1193 717 1239 ac
734 1181 808 1239 rata
825 1192 902 1239 esse
927 1167 1001 1238 sine
1024 1185 1255 1256 sacramento,
1275 1197 1351 1243 cum

230 1285 348 1382 'reipsa
373 1285 446 1355 sine
472 1298 683 1356 sacramento
701 1282 795 1355 nulla
814 1283 903 1368 sint,
929 1307 990 1354 seu
1013 1282 1141 1356 nullius
1167 1284 1271 1381 plane
1295 1310 1353 1358 va-

234 1399 329 1472 loris.
359 1397 475 1496 ltaque
502 1397 619 1494 religio
645 1423 706 1470 seu
736 1413 984 1470 sacramentnm
1013 1397 1123 1471 solum
1153 1415 1229 1486 est,
1262 1401 1352 1500 quod

235 1539 313 1587 vere
342 1513 516 1586 constituit
544 1527 750 1586 contractum
780 1513 1013 1609 coniugalem,
1039 1529 1072 1586 et
1097 1514 1150 1586 lex
1175 1516 1289 1589 civilis
1315 1543 1354 1589 ea

238 1629 350 1729 reipsa
367 1643 438 1714 est,
459 1653 546 1726 quae
569 1627 701 1700 accedit
725 1627 767 1698 ad
793 1628 1044 1700 matrimonium
1069 1629 1138 1700 iam
1164 1629 1353 1703 conlectum

236 1745 335 1844 eique
356 1744 480 1816 iamin
503 1769 564 1816 suo
585 1769 662 1816 esse
687 1743 869 1816 constituto
894 1743 1063 1818 adiicitur.
1093 1744 1202 1843 Atque
1228 1745 1355 1820 idcirco

235 1887 256 1932 a
281 1859 384 1946 salso,
414 1859 504 1959 quod
531 1875 669 1944 vocant,
699 1859 878 1956 supposito
903 1859 979 1958 ipsc
1004 1860 1155 1958 procedit
1180 1886 1221 1933 ac
1251 1863 1354 1935 ratio-

234 1977 376 2049 cinatur.

308 2094 403 2165 quta
428 2092 583 2165 eumdem
609 2108 772 2165 oratorem
798 2092 898 2165 debet
921 2092 1069 2165 ecclesia
1092 2093 1216 2166 adesse
1240 2095 1351 2167 matri-

234 2210 349 2283 monio
374 2210 492 2282 eadem
519 2210 664 2297 ratione,
687 2236 755 2310 qua
771 2208 870 2281 adest
888 2209 1054 2280 nativitati
1073 2231 1112 2281 ac
1130 2208 1247 2297 morti,
1270 2236 1356 2308 quae

233 2355 255 2400 a
277 2342 396 2399 natura
417 2341 516 2413 sunt,
545 2352 655 2426 neque
679 2325 721 2398 ab
746 2324 889 2398 ecclesia
915 2324 1080 2422 pendent,
1102 2325 1168 2398 nisi
1188 2341 1354 2423 quatenus

234 2443 312 2516 illas
335 2442 536 2516 sanctificat.
560 2444 621 2515 Ast
640 2441 824 2542 disparitas
842 2442 878 2512 in
896 2466 936 2514 eo
958 2457 1026 2528 est,
1048 2439 1139 2541 quod
1162 2457 1354 2514 contractus

233 2557 398 2631 naturalis
433 2560 507 2657 ipse
541 2574 677 2632 evectus
715 2558 759 2631 sit
795 2559 838 2630 ad
877 2557 1075 2654 dignitatem
1117 2557 1350 2641 sacramenti,

236 2698 277 2747 ac
302 2674 336 2744 in
363 2675 439 2772 ipsa
464 2675 666 2747 sacramenti
687 2673 866 2748 collatione
885 2673 942 2746 ille
966 2672 1200 2746 tantummodo
1221 2673 1354 2770 exurgit

237 2803 339 2887 atque
356 2789 548 2887 perficitur,
573 2789 725 2888 adeoquo
743 2789 786 2860 ab
803 2789 947 2862 ecclesia
972 2789 1110 2862 omnino
1135 2789 1282 2888 pendet,
1301 2813 1353 2861 se·

236 2931 298 2978 cus
324 2931 364 2977 ac
390 2905 425 2977 in
451 2905 624 2979 nativitate
646 2921 679 2977 et
705 2920 810 2977 morte
832 2906 1014 3001 contingat.

736 3152 765 3243 s.
797 3149 848 3219 vv.

272 3370 420 3420 Autonomia
435 3385 465 3421 ac
480 3372 600 3434 primatus
617 3372 730 3434 politicae
744 3370 872 3434 potcstatis
884 3373 910 3421 et
924 3371 1046 3435 separatio
1061 3373 1141 3423 status
1154 3370 1186 3422 ab
1202 3371 1319 3422 Maia.
1347 3415 1351 3426 ,

311 3588 481 3687 Principio
506 3589 732 3664 distinctionis
756 3591 842 3662 inter
869 3590 1092 3662 christianum
1115 3604 1148 3662 ot
1173 3589 1284 3662 civem
1309 3589 1355 3661 al-

240 3703 307 3775 iine
332 3718 385 3777 est
411 3703 616 3802 principium
643 3705 855 3779 autonomiae
876 3731 915 3777 ac
936 3704 1101 3804 primatus
1120 3702 1278 3800 politicae
1298 3728 1354 3802 po

239 3820 386 3906 testatis,
408 3821 700 3920 separationisque
713 3836 821 3893 status
836 3820 880 3893 ab
892 3819 1048 3893 ecclesie.
1065 3820 1137 3891 Hoc
1150 3818 1352 3917 principium

237 3935 439 4035 saepissime
465 3935 507 4006 ad
530 3935 718 4008 satietatem
742 3961 854 4035 usque
878 3934 1081 4007 inculcatum
1107 3948 1179 4018 est,
1209 3933 1355 4032 quando

237 4078 304 4151 que
333 4052 398 4124 sub
427 4066 568 4150 aspectu
594 4078 685 4124 mero
710 4050 866 4151 politico,
895 4050 1103 4149 quandoque
1128 4048 1192 4121 sub
1218 4062 1354 4146 aspectu

236 4169 336 4242 etiam
356 4169 429 4268 pio,
441 4195 487 4242 ac
505 4170 534 4241 si
553 4167 750 4240 huiusmodi
771 4168 940 4266 separatio
963 4166 1117 4264 religioni
1136 4166 1203 4265 ipsi
1223 4168 1354 4267 prodes·

238 4299 306 4372 set,
328 4310 394 4359 non
413 4309 489 4358 raro
516 4284 579 4357 sub
604 4298 743 4384 aspectu
767 4300 882 4383 aperte
907 4283 1095 4380 irreligioso
1113 4297 1217 4382 aupue
1236 4282 1349 4382 impio.
