2872 5062
159 373 225 443 198
352 391 413 442 um.
435 393 458 440 ι.
480 389 564 440 sacr.
587 391 610 437 ι.
633 388 672 436 nr
699 386 829 436 aurun,
851 385 1063 440 sucauuanoo.

155 520 227 590 siue
253 514 436 601 naturalis,
457 538 562 612 quum
584 539 646 618 per
670 538 764 599 eam,
786 527 956 611 tamquam
975 535 1035 608 per
1051 509 1192 597 formam
1210 534 1267 584 ac-

156 631 331 704 cedentem
348 629 390 702 ad
408 628 594 713 materiam,
615 643 763 700 transeat
779 640 968 699 contractus
981 623 1024 697 ad
1042 623 1267 701 conditionem

155 750 195 822 ac
220 745 416 844 dignitatem
443 743 643 816 sacramenti
669 769 728 842 per
752 742 888 816 modum
913 740 1027 814 unius.
1103 755 1106 758 ’

230 862 319 934 Sane
345 857 528 932 Drouinius
554 857 634 929 Cani
661 857 845 930 sententiae
869 857 1013 930 maximo
1037 853 1194 930 addictus
1225 855 1268 929 de

155 973 297 1050 materia
321 997 360 1046 ac
385 972 491 1045 lorma
515 970 687 1044 disserens
713 971 922 1045 sacramento
936 968 1161 1055 matrimonii,
1189 993 1267 1045 cum

157 1089 387 1188 praemisisset
404 1086 574 1160 materiam
592 1085 693 1159 huius
711 1085 909 1160 sacramenti
927 1109 1004 1158 esse
1015 1083 1266 1159 matrimonium

156 1205 290 1304 ipsum,
319 1219 418 1301 prout
442 1217 494 1275 est
518 1200 842 1276 contractusaivilis
868 1215 901 1274 et
924 1198 1114 1298 legitimus,
1133 1198 1202 1273 hac
1218 1220 1269 1275 ro·

156 1319 246 1392 tione
270 1316 306 1390 id
331 1317 479 1396 evincit:
512 1314 639 1389 «Illud
669 1317 759 1388 enim
794 1313 991 1388 sacramenti
1023 1313 1163 1389 materia
1187 1330 1264 1402 est,

157 1433 260 1532 quod,
282 1433 388 1506 forma
405 1432 601 1518 accedente,
617 1431 655 1506 fit
667 1445 923 1504 sacramentum.
934 1488 941 1501 .
951 1428 1084 1529 .'.Atqui
1100 1429 1269 1505 matrimo-

158 1549 252 1620 nium
276 1564 442 1647 quatenus
467 1562 655 1620 contractus
680 1546 788 1620 civilis
812 1562 865 1621 est
889 1561 922 1620 at
944 1544 1146 1644 legitimus,¹
1167 1544 1269 1621 adue·

160 1664 271 1736 niente
295 1662 479 1736 sacerdotis
501 1661 643 1762 mystica
667 1661 898 1736 benedictione
916 1661 953 1735 lit
974 1676 1265 1735 sacramentum...

158 1779 204 1851 ita
228 1779 403 1852 uerissime
428 1778 550 1851 dicitur
579 1802 779 1851 consensum
813 1792 966 1881 mutuum
999 1774 1269 1850 contrahentium

157 1893 270 1966 uerbis
295 1895 365 1967 sive
390 1894 498 1991 signis
523 1894 669 1966 externis
694 1893 918 1979 declaratum,
939 1917 1015 1966 esse
1030 1890 1133 1965 huius
1156 1901 1269 1966 sacra-

160 2009 260 2081 menti
278 2009 470 2096 materiam,
487 2008 539 2082 vel
557 2008 655 2107 quasi
673 2008 866 2095 materiam,
888 2033 976 2106 quae
992 2005 1116 2080 deinde
1132 2003 1177 2079 ad
1193 2030 1269 2104 gra·

159 2125 226 2198 tiae
243 2124 496 2224 productionem
513 2122 697 2197 sacerdotis
715 2123 817 2197 verba
834 2123 977 2223 mystica
993 2121 1193 2221 proferentis
1207 2120 1270 2194 mi-

158 2240 298 2312 nisterio
323 2240 539 2313 foecundatur
560 2241 672 2334 (21).»
690 2238 783 2323 Quae
805 2237 940 2336 quidem
966 2237 1116 2311 doctrinm
1141 2235 1268 2335 duplici

159 2356 258 2428 modo
283 2352 421 2452 intelligi
448 2370 572 2453 potest;
595 2371 665 2427 turn
683 2353 773 2453 quod
791 2379 852 2451 per
867 2352 1132 2427 benedictionem
1157 2375 1269 2426 sacer-

160 2470 249 2542 dotis
275 2485 445 2567 tamquam
476 2469 616 2542 lormam
642 2484 832 2541 contractus
858 2469 995 2541 materia
1020 2457 1209 2552 alliciatur,
1234 2480 1271 2539 ut

160 2611 199 2655 ex
218 2600 360 2682 utraque
377 2600 621 2656 sacramentum
639 2599 791 2680 exurgat,
813 2599 869 2658 aut
886 2583 960 2670 liat,
982 2597 1148 2682 quatenus
1165 2581 1271 2655 forma

162 2698 277 2769 intime
303 2698 476 2795 materiam
503 2712 668 2795 penetrat,
695 2698 890 2798 efficiatque
915 2725 990 2770 curu
1016 2725 1056 2770 aa
1080 2706 1271 2771 sacramen·

162 2827 231 2882 tum
258 2813 397 2908 gratiam
424 2811 630 2910 producens;
658 2818 726 2885 tum
752 2812 841 2911 quod
868 2839 1053 2887 consensus
1077 2811 1173 2884 unde.
1192 2818 1271 2886 ocn-

162 2943 287 3000 tractus
306 2927 465 3023 emergit,
487 2943 565 3000 tunc
587 2954 686 3000 suum
705 2926 806 3001 robur
821 2955 861 3001 ac
880 2928 1069 3001 firmitatem
1087 2934 1268 3024 mutuetur,

161 3064 237 3114 cum
254 3041 293 3113 ei.
304 3041 433 3115 accedit
448 3040 655 3128 benedictio,
676 3057 709 3113 at
725 3044 863 3115 materia
887 3043 925 3114 fit
943 3042 1160 3115 sacramenti.
1183 3039 1271 3126 Qua

161 3155 214 3228 vis
239 3155 366 3229 ratione
391 3155 612 3253 intelligatur,
634 3155 717 3228 illud
743 3172 851 3228 ratum
878 3157 1047 3255 fixumque
1071 3172 1139 3242 est,
1168 3181 1272 3254 penes

162 3268 265 3343 huius
284 3274 468 3345 sententiae
486 3288 644 3371 patronos
657 3281 862 3347 contractum
876 3289 909 3345 et
920 3276 1170 3347 sacramentum
1179 3270 1271 3344 idcio

165 3386 297 3481 apocri,
327 3388 374 3459 ita
399 3404 435 3459 ut
459 3387 542 3460 alter
566 3388 608 3459 ab
631 3387 736 3460 altero
760 3414 828 3460 non
854 3388 1079 3484 distinguatur
1096 3388 1131 3458 in
1155 3387 1272 3460 coniu-

164 3500 438 3595 giotchristiano.
578 3577 581 3585 ,
1050 3506 1065 3529 ·’

237 3615 352 3713 ltaque
382 3631 484 3689 totum
510 3618 599 3715 quod
630 3619 849 3716 interponitur
875 3618 1054 3692 discrimen
1079 3618 1166 3689 inter
1191 3640 1269 3701 eos,

165 3730 224 3828 qui
242 3731 445 3803 contendunt
461 3733 693 3806 contrahentes
711 3759 787 3806 esse
801 3734 972 3806 ministros
989 3732 1189 3806 sacramenti
1205 3755 1273 3804 ma»

165 3844 330 3938 aimonii,
354 3862 387 3920 et
411 3849 571 3946 eos,⁴qui
600 3865 750 3948 pugnant
773 3875 833 3948 pro
852 3849 1024 3923 sacerdote
1044 3849 1078 3920 in
1099 3873 1139 3921 eo
1160 3845 1272 3920 consi*

136 3961 242 4050 stit,
271 3962 361 4061 quod
391 3961 440 4033 illi
468 3962 571 4036 velint
599 3965 753 4038 virtutem
785 3954 1058 4041 sacramentalem
1088 3989 1108 4035 a
1138 3959 1272 4035 Christo

167 4077 349 4151 immediate
380 4104 561 4152 connexam
592 4080 697 4155 luisse
731 4081 796 4179 ipsi
829 4081 1027 4167 contractui,
1064 4079 1119 4153 isti
1155 4076 1272 4151 malint

239 4329 288 4389 (ιι)
305 4331 341 4378 De
353 4342 381 4378 rc
392 4333 605 4380 sacramentaria
615 4329 658 4380 lib.
669 4335 699 4380 x.
711 4343 736 4391 q.
748 4337 769 4379 3.
