2872 5062
600 347 786 403 rtooetttuu
1178 359 1257 458 ιγιι

133 467 278 537 omnino
302 467 509 570 sententiam
534 425 657 540 videar
678 482 914 569 sequuturae
942 486 1041 567 autea
1058 428 1258 598 prolesstinss

132 579 292 667 lucram,
320 582 469 685 quisque
489 578 654 678 profecto
680 583 844 682 intelligit
871 570 966 674 haud
983 612 1041 663 me
1045 604 1257 714 ιιιιιιιιιιιιιἶ

132 697 307 768 maiorum
327 693 525 770 studiorum
546 688 699 783 fructum
722 693 899 834 praeferre
919 688 1028 800 atque
1044 692 1254 823 complecti.

205 814 319 909 Atque
339 825 376 884 ut
397 812 442 884 de
466 813 666 921 methodo
657 839 732 912 tpsa
757 841 864 913 quam
886 819 923 889 in
947 816 1013 893 hac
1039 804 1244 918 tractatione

133 925 356 999 adhibuimus
380 912 513 1025 aliquid
539 910 644 1003 etiam
665 930 840 1041 dicatnus,
860 955 902 1005 ea
919 928 1140 1033 commodior
1155 902 1256 1055 catilli⁵

132 1044 203 1115 visa
230 1056 285 1117 est
306 1056 410 1144 atque
436 1048 698 1142 opportunior,
728 1036 819 1157 qnae
849 1036 983 1146 posita
979 1035 1156 1143 severiori
1180 1018 1242 1130 illa

129 1159 264 1241 forma,
292 1182 362 1255 qua
389 1162 426 1254 ιιι
449 1160 577 1234 scholis
600 1175 635 1237 et
658 1166 693 1236 in
715 1152 928 1238 scholasticis
946 1153 1252 1293 disputationibus

129 1277 181 1346 uti
201 1279 472 1376 consuevimus,
499 1278 642 1351 remissa
665 1282 775 1376 magis
793 1294 828 1352 et
845 1283 970 1377 quieta
981 1285 1169 1369 veritatem
1184 1252 1252 1397 Ιιιι,Ι
1250 1374 1253 1381 Δ

129 1384 304 1485 ligenter
295 1394 457 1491 inquirit,
485 1374 588 1471 docet
608 1406 643 1467 et
664 1395 799 1468 suadet
825 1396 967 1497 Copiam
987 1411 1104 1495 autem
1115 1376 1251 1515 ιιιιιιιι

127 1509 174 1578 ita
201 1530 282 1588 cum
302 1507 492 1582 brevitate
489 1492 792 1617 temperavimus,
816 1523 855 1583 ut
878 1511 965 1584 haec
981 1500 1250 1631 obscuritatem

126 1646 200 1694 non
222 1623 354 1719 faceret
367 1623 595 1727 legentibus,
619 1650 684 1701 nec
706 1626 767 1704 illa
794 1630 1000 1707 satietatem.

199 1742 266 1813 Res
290 1754 343 1814 est
370 1765 453 1814 sane
485 1726 698 1841 amplissima
727 1757 763 1816 et
792 1767 882 1841 pene
905 1743 1054 1815 dixerim
1079 1738 1246 1841 rnfimta

126 1856 171 1931 de
188 1880 258 1952 qua
274 1861 433 1955 quamvis
456 1859 568 1961 multa
584 1859 754 1945 disseras,
751 1860 874 1967 louge
887 1873 1002 1963 tamen
1016 1850 1119 1970 plura
1135 1832 1248 1965 sunt,

126 1994 215 2066 quae
239 1975 268 2044 si
292 1976 456 2070 persequi
489 1954 613 2050 cuncta
640 1978 727 2081 velis
752 1961 889 2057 infinita
916 1954 1121 2049 tractatione
1148 2001 1247 2079 opus

126 2103 227 2160 esset.
241 2090 305 2160 Tot
323 2113 472 2163 numero
494 2091 648 2186 itemque
671 2116 793 2188 graves
814 2092 901 2164 aliae
925 2115 969 2163 ex
994 2091 1070 2163 aliis
1091 2090 1239 2166 obortae

126 2206 345 2300 quaestiones
370 2220 577 2287 occurrunt,
602 2220 642 2279 ut
664 2232 736 2279 nou
758 2207 913 2300 theologi
942 2205 1052 2277 modo
1076 2204 1238 2279 sedtum

126 2320 236 2392 civilis
259 2335 334 2394 tum
357 2323 577 2395 ecclesiastici
602 2326 688 2394 iuris
708 2325 832 2419 periti,
852 2335 928 2393 tum
942 2323 1008 2417 ipsi
1026 2321 1087 2414 qui
1104 2319 1237 2417 politici

123 2451 294 2512 vocantur
322 2441 456 2534 aliquid
484 2463 624 2537 semper
647 2442 730 2513 novi
762 2441 807 2512 ad
836 2438 927 2511 hauc
950 2438 1132 2510 materiam
1153 2460 1237 2534 pos·

122 2555 192 2627 sint
217 2555 355 2629 afferre.
373 2559 446 2629 Nos
466 2557 504 2629 id
523 2556 646 2631 saltem
668 2558 783 2629 conati
807 2579 945 2637 sumus,
967 2565 1007 2625 ut
1024 2577 1126 2629 causa
1146 2577 1238 2650 quae

124 2683 306 2769 tantopere
330 2674 459 2745 nostris
491 2673 586 2745 hisce
623 2671 842 2769 temporibus
872 2672 1039 2766 agitatur,
1075 2691 1236 2765 quaeque

1232 790 1255 823 'l

123 2785 316 2862 multorum
343 2790 479 2861 animos
505 2782 704 2893 commovet
732 2787 894 2879 alacriori
914 2809 990 2880 ‚qua
1016 2783 1091 2856 fieri
1117 2796 1236 2880 posset
1339 2829 1343 2835 ·
1377 2805 1379 2808 ·

124 2902 277 2998 ιιιιιιιιιιιι
298 2904 525 3000 procederet:
546 2917 650 3000 atque
662 2891 705 2976 iis
715 2904 806 2976 viam
823 2899 1089 2997 quodammodo
1102 2911 1236 2972 sterne-

121 3039 256 3102 remus,
270 3023 332 3114 qui
347 3043 414 3117 pro
428 3044 466 3093 re
480 3018 649 3092 catholica
663 3019 792 3091 tuenda
810 3019 900 3090 hanc
916 3015 1076 3089 eamdem
1095 3037 1234 3086 causam

120 3134 321 3231 suscipient,
333 3156 494 3230 quosque
505 3132 641 3205 meliori
655 3144 749 3206 certe
761 3134 903 3228 ingenio
916 3143 951 3201 et
965 3130 1089 3201 maiori
1103 3129 1234 3201 doctri-

120 3269 185 3320 nae
207 3249 409 3344 praesidio,
437 3247 567 3345 quibus
591 3251 660 3344 ipsi
687 3272 758 3320 non
786 3270 998 3344 possumus,
1026 3245 1071 3316 ad
1097 3242 1233 3317 felicem

120 3363 252 3434 exitum
271 3361 482 3437 confidimus
493 3361 592 3435 illam
603 3386 678 3436 esse
690 3365 936 3460 perducturus.
953 3363 1004 3432 lta
1022 3360 1232 3456 plerumque

119 3500 155 3550 ee
176 3501 233 3550 res
254 3476 399 3563 habuit,
419 3493 459 3552 ut
480 3479 578 3577 quod
597 3503 689 3552 unus
717 3493 775 3552 aut
796 3479 884 3552 alter
907 3479 1059 3573 scriptor
1076 3498 1148 3547 non
1166 3498 1234 3572 po·

119 3595 203 3676 tuit,
232 3595 269 3667 in
294 3597 473 3669 communi
495 3596 752 3693 conspiratione
764 3619 806 3668 ex
819 3595 947 3667 collata
966 3592 1160 3664 multorum
1176 3591 1233 3662 in-

119 3708 251 3784 dustria
263 3710 463 3808 etquadam
478 3710 587 3784 veluti
605 3710 813 3809 supellectili
833 3721 1032 3805 comparata
1051 3708 1097 3779 de
1115 3705 1234 3778 multis

118 3824 398 3919 quaestionibus,
423 3849 515 3923 quae
539 3827 640 3900 initio
665 3824 796 3898 arduae
822 3837 922 3897 erant
942 3836 1047 3919 atque
1072 3818 1233 3892 difficiles

117 3939 215 4014 nulla
239 3942 311 4014 iam
337 3942 490 4039 amplius
513 3943 752 4016 controversia
773 3940 955 4014 habeatur.
973 3942 1094 4033 Itaque
1111 3935 1148 4007 id
1166 3956 1232 4029 ego

117 4078 186 4150 qua
212 4059 313 4154 potui
338 4057 517 4154 diligentia
536 4081 618 4131 sanc
640 4057 889 4154 praestandum
912 4056 999 4127 mihi
1019 4075 1093 4126 esse
1111 4052 1146 4122 in
1166 4051 1233 4124 hac

117 4174 323 4246 tractatione
348 4172 459 4253 duxi;
485 4188 520 4247 et
544 4175 665 4248 fecisse
692 4197 748 4245 me
775 4197 818 4248 eo
844 4171 1008 4245 libentius
1041 4165 1230 4265 profiteor,

116 4308 188 4379 quo
215 4300 252 4361 et
276 4289 387 4362 multa
413 4309 524 4384 eaque
550 4292 684 4388 optima
706 4289 863 4362 viderem
889 4286 983 4385 apud
1009 4286 1172 4381 antiquos
1197 4295 1233 4356 et
