2872 5062
253 271 323 410 tii
445 360 506 409 nm.
527 360 550 408 ι.
572 357 658 409 secr.
681 358 810 408 iurans.
831 359 871 407 na
896 356 1027 408 nnus.
1049 357 1159 409 usur,

249 504 325 551 cum
343 476 443 548 unica
468 474 622 547 adulterii
644 501 747 547 causa
762 475 806 546 ad
823 473 907 546 illud
932 473 1122 547 iaciendum
1145 473 1353 570 assignetur,

250 592 387 692 quidam
400 591 602 665 matrimonii
616 591 742 690 peracti
756 590 900 690 pertaesi
915 590 980 663 sihi
994 589 1139 663 invicem
1151 588 1354 663 adulterium

250 709 469 809 permittunt,
497 707 607 806 iisque
630 707 665 777 in
691 707 879 793 adiunctis,
906 720 944 777 ut
968 706 1081 804 possit
1100 704 1200 802 legali
1226 706 1356 779 ratione

249 825 403 925 probari,
426 840 527 924 atque
544 823 591 895 ita
606 822 799 920 coniugium
824 821 965 895 dissolvi
990 825 1078 917 (29).
1095 821 1204 920 Atque
1229 820 1356 897 idcirco

249 940 302 1011 lex
324 939 401 1025 illa,
422 965 509 1038 quae
533 939 601 1010 lata
625 953 676 1009 est
701 937 745 1009 ad
770 936 1051 1036 compescendum
1075 934 1295 1023 adulterium,
1314 963 1354 1010 ex

249 1053 423 1128 hominum
448 1053 576 1125 malitia
596 1052 639 1125 ad
666 1050 749 1124 illud
774 1052 964 1148 augendum
990 1050 1130 1123 inservit
1158 1053 1248 1145 (30).

321 1169 490 1255 Secundo,
519 1180 616 1268 prout
640 1167 832 1263 contingere
857 1166 974 1253 debet,
994 1192 1054 1265 pro
1080 1191 1218 1238 numero
1243 1165 1356 1240 divor-

250 1286 371 1357 tiorum
396 1284 515 1357 crescit
538 1284 746 1383 polygamia‚
766 1283 859 1368 dum,
882 1282 995 1354 adhuc
1011 1280 1113 1381 priori
1138 1280 1282 1379 coniuge
1305 1286 1356 1355 vi-

249 1412 371 1484 vente,
408 1397 475 1468 alia
503 1414 536 1470 et
563 1397 630 1471 alia
663 1395 943 1496 superinducitur.
972 1396 1011 1467 ld
1041 1396 1130 1468 enim
1155 1397 1294 1495 profluit
1315 1423 1356 1471 ex

250 1512 474 1586 declaratione
500 1512 636 1611 perlecti
661 1511 820 1597 divortii,
849 1539 917 1611 qua
941 1510 1175 1610 unusquisque
1196 1512 1290 1585 iuxta
1313 1512 1356 1586 ci-

248 1628 348 1702 vilem
374 1628 481 1724 legem
507 1628 592 1700 liber
616 1628 653 1698 fit
678 1628 720 1700 ad
746 1653 866 1700 novam
891 1626 1077 1700 ducendam
1108 1653 1272 1715 uxorem,
1298 1642 1357 1700 aut

242 1742 292 1814 -ad
305 1742 401 1814 alteri
418 1739 610 1814 nubendum
623 1742 754 1813 marito.
771 1741 943 1840 Siquidem
957 1740 1013 1813 hic
1025 1756 1077 1815 est
1090 1741 1181 1828 finis,
1198 1741 1242 1814 ob
1255 1768 1355 1841 quem

248 1858 415 1930 eiusmodi
444 1857 588 1931 divortia
618 1858 861 1943 decernuntur,
888 1872 925 1929 ut
949 1855 1009 1954 qui
1034 1856 1213 1931 divortium
1240 1856 1355 1931 iecerit

248 1973 283 2044 in
305 1973 390 2046 facie
414 1972 519 2069 legis,
548 2000 670 2046 novum
696 1972 804 2071 possit
827 1972 1022 2045 contrahere
1047 1971 1308 2052 matrimonium.

244 2130 247 2135 ·
320 2088 442 2161 Tertio.
468 2090 587 2161 Verum
613 2114 678 2160 non
706 2088 779 2161 sola
803 2087 995 2187 polygamia
1015 2086 1128 2186 aliquo
1152 2113 1257 2162 sensu
1281 2115 1356 2162 suc·

248 2203 394 2290 cassina,
415 2229 475 2276 seu
492 2218 569 2303 post
585 2203 691 2300 legale
715 2203 894 2276 divortium
918 2228 1020 2302 penes
1047 2218 1271 2301 protestantes
1295 2203 1353 2278 ob-

249 2319 350 2404 tinet,
379 2319 439 2391 sed
469 2319 545 2419 ipsa
569 2318 760 2419 polygamia
785 2318 986 2392 simultanea
1009 2344 1077 2392 non
1102 2333 1154 2391 est
1178 2317 1350 2406 inaudita,

249 2432 391 2504 vionius
405 2459 493 2504 unus
511 2433 668 2531 idemque
685 2434 802 2506 eodem
821 2449 967 2531 tempore
983 2434 1087 2520 duas,
1104 2447 1161 2505 aut
1173 2448 1242 2506 tres
1255 2433 1354 2507 etiam

249 2545 372 2619 habeat
383 2573 516 2620 uxores.
533 2548 582 2618 lix
595 2574 662 2646 quo
675 2549 765 2621 enim
778 2548 920 2621 facultas
937 2549 1016 2622 data
1031 2564 1084 2623 est
1097 2547 1255 2648 Philippo
1270 2549 1352 2623 duas

249 2661 414 2732 retinendi
434 2688 570 2751 uxores,
593 2661 657 2735 hoc
676 2664 865 2762 exemplum
883 2665 919 2736 in
936 2664 1021 2739 alios
1038 2664 1262 2764 perniciosam
1278 2692 1354 2764 pra·

248 2799 311 2848 vae
334 2774 531 2850 imitationis
555 2778 711 2851 virtutem
728 2778 865 2866 hahuit,
887 2782 971 2855 adeo
996 2796 1034 2855 ut
1056 2782 1154 2881 plura
1178 2796 1353 2857 occurrant

248 2891 334 2965 iacta
351 2891 386 2961 in
404 2893 639 2991 protestantica
661 2894 804 2968 historia
820 2898 908 2991 (ai).
929 2896 1022 2971 Hace
1040 2897 1177 2997 quidem
1203 2897 1352 2973 inaudita

323 3113 373 3175 (aa)
388 3113 428 3164 oi.
440 3115 570 3177 Avogadro
581 3129 620 3178 op.
633 3116 676 3166 cit.
691 3118 782 3166 Tecria
798 3116 843 3167 del
859 3120 1026 3168 matrimonio
1036 3119 1097 3169 tom.
1109 3120 1129 3168 1.
1140 3132 1196 3183 cap.
1206 3121 1273 3170 xvi.

322 3193 372 3256 (to)
387 3191 514 3244 Diximus:
527 3197 581 3244 Lea
592 3194 719 3246 hactenus
734 3199 820 3259 otpolt
824 3210 902 3257 ,marn
921 3210 1004 3248 mensa
1023 3198 1088 3248 lunii
1103 3211 1144 3248 an.
1157 3201 1217 3248 1⁸57
1238 3199 1351 3262 post-ion·

250 3281 305 3332 gain
324 3269 500 3321 discussionem
510 3273 640 3336 variasque
650 3274 786 3342 propositas
796 3274 978 3326 emendationes
987 3277 1125 3341 propositas
1133 3277 1195 3340 legis
1204 3276 1238 3329 de
1248 3277 1353 3329 diuortio

250 3350 349 3411 propter
367 3349 531 3414 adulterium,
547 3352 646 3402 demum
667 3353 776 3406 clausula
787 3354 813 3403 in
825 3355 931 3405 comitiis
947 3356 1112 3419 superioribus
1122 3357 1131 3420 (
1141 3369 1184 3408 ssu
1195 3358 1353 3422 qnasdicant

245 3426 343 3489 Lords)
358 3429 459 3492 probata
475 3431 536 3493 tuit,
555 3445 604 3495 qna
615 3433 731 3483 statuitur
746 3433 878 3485 divortium
890 3438 989 3498 propter
1003 3436 1151 3487 adulterium
1161 3437 1197 3488 ita
1206 3436 1262 3488 tisri
1271 3450 1353 3502 posse,

248 3508 285 3569 ut,
300 3507 380 3558 soluto
396 3510 523 3574 coniugio,
544 3515 646 3575 uterque
664 3513 753 3563 coniux
770 3514 847 3576 possit
861 3515 923 3565 alias
941 3517 1040 3579 nuptias
1055 3516 1191 3580 celebrare,
1211 3519 1237 3568 et
1255 3517 1352 3582 quidem

252 3586 315 3635 inter
325 3585 463 3637 adulterum
477 3591 502 3638 et
515 3589 659 3641 aduiteram.
672 3593 711 3642 ci.
724 3595 832 3644 Unicers
849 3602 885 3644 12.
896 3595 954 3644 tuin
967 3595 1161 3647 lasz-Nondum
1173 3597 1258 3648 tamen
1270 3598 1307 3648 tex
1318 3597 1353 3646 est

248 3666 350 3716 sancita.
369 3667 584 3720 animadversione
599 3673 678 3721 autem
696 3673 796 3736 dignum
816 3677 865 3737 ast,
886 3675 970 3725 eodem
987 3679 1111 3740 tempore,
1133 3690 1184 3741 quo
1201 3678 1229 3728 in
1249 3676 1352 3728 comitiis

249 3745 442 3805 bemiincnsibus
453 3749 569 3811 agebatur
576 3750 606 3801 de
613 3754 765 3803 coarctandis
776 3756 856 3806 causis
864 3755 1006 3819 divortii,in
1011 3756 1118 3808 comitiis
1124 3757 1268 3808 hnmanicis
1274 3759 1352 3808 adnm

246 3826 322 3876 tuerit
331 3827 362 3876 de
372 3827 411 3877 via
423 3827 527 3877 faciliori
537 3832 666 3880 sicmenda
676 3832 796 3883 divoniis.

323 3906 372 3968 (31)
388 3907 451 3957 Satis
468 3909 523 3958 heic
541 3911 574 3959 sit
590 3911 679 3961 reterre
697 3913 835 3976 exemptum
847 3915 1012 3979 polygamiae,
1024 3915 1092 3979 quod
1111 3929 1167 3977 mx,
1185 3917 1350 3982 mappalicus

249 3978 304 4031 κατ’
323 3978 425 4051 ἐξοχήν,
443 3989 527 4052 paucis
539 3989 569 4038 ab
581 3990 637 4040 hinc
647 3992 717 4041 annis
725 3992 818 4042 mundo
828 3993 947 4056 praebuit.
958 3996 1043 4058 imque
1056 3995 1149 4045 Frider.
1162 3995 1310 4047 Guilieimns
1318 3996 1348 4045 11.

250 4065 376 4116 Bornssiac
389 4078 432 4116 ren
450 4069 517 4130 prins
529 4068 666 4132 repudiavit
678 4085 777 4121 uxorem
787 4085 856 4122 suam
866 4072 1028 4123 Elisabetham
1037 4073 1270 4138 answiciensern,
1282 4073 1349 4126 suffe

248 4144 330 4206 citque
339 4146 391 4196 eius
401 4147 456 4196 loco
466 4147 549 4210 aliam,
559 4149 652 4200 scilicet
661 4150 736 4200 titiam
744 4151 858 4215 principis
866 4153 972 4202 Hassine.
980 4153 1073 4204 Deinde
1081 4155 1141 4218 quin
1150 4155 1215 4206 hanc
1222 4154 1349 4206 secundam

251 4224 388 4287 repudiaret
403 4240 519 4290 uxorem,
538 4228 708 4292 superinduxit
723 4231 906 4282 minitissimam
921 4235 1005 4284 Woss.
1017 4236 1101 4298 Neque
1111 4232 1150 4285 his
1159 4236 1305 4297 contentus,
1316 4235 1348 4283 vi·

248 4305 319 4354 venie
329 4304 408 4356 adhuc
418 4308 499 4371 priora
509 4307 635 4371 repudiata
648 4310 752 4374 aliisque
767 4310 875 4375 duabus,
893 4313 1101 4365 animust-stiam
1120 4313 1221 4380 ducem,
1232 4312 1348 4368 eison·
