<?xml version="1.0" encoding="UTF-8"?>
<!DOCTYPE html PUBLIC "-//W3C//DTD XHTML 1.0 Transitional//EN"
    "http://www.w3.org/TR/xhtml1/DTD/xhtml1-transitional.dtd">
<html xmlns="http://www.w3.org/1999/xhtml" xml:lang="en" lang="en">
 <head>
  <title>
</title>
<meta http-equiv="Content-Type" content="text/html;charset=utf-8" />
  <meta name='ocr-system' content='tesseract 3.04.00' />
  <meta name='ocr-capabilities' content='ocr_page ocr_carea ocr_par ocr_line ocrx_word'/>
</head>
<body>
  <div class='ocr_page' id='page_1' title='image "./dematrimoniochr00perrgoog_0327.png"; bbox 0 0 2872 5062; ppageno 0'>
   <div class='ocr_carea' id='block_1_1' title="bbox 165 358 1074 430">
    <p class='ocr_par' dir='ltr' id='par_1_1' title="bbox 165 358 1074 430">
     <span class='ocr_line' id='line_1_1' title="bbox 165 358 1074 430; baseline -0.002 -1"><span class='ocrx_word' id='word_1_1' title='bbox 165 358 234 429; x_wconf 76' lang='lat'><strong>308</strong></span> <span class='ocrx_word' id='word_1_2' title='bbox 359 381 419 429; x_wconf 77' lang='lat' dir='ltr'><strong>llll.</strong></span> <span class='ocrx_word' id='word_1_3' title='bbox 442 379 465 427; x_wconf 84' lang='lat' dir='ltr'><strong>l·</strong></span> <span class='ocrx_word' id='word_1_4' title='bbox 484 373 573 429; x_wconf 59' lang='grc' dir='ltr'><strong>ΒΗΤ.</strong></span> <span class='ocrx_word' id='word_1_5' title='bbox 595 380 724 428; x_wconf 74' lang='lat' dir='ltr'><strong>Atreus.</strong></span> <span class='ocrx_word' id='word_1_6' title='bbox 746 381 786 429; x_wconf 80' lang='lat' dir='ltr'><strong>uli</strong></span> <span class='ocrx_word' id='word_1_7' title='bbox 812 381 944 430; x_wconf 61' lang='lat' dir='ltr'><strong>aarum.</strong></span> <span class='ocrx_word' id='word_1_8' title='bbox 968 381 1074 430; x_wconf 73' lang='lat' dir='ltr'><strong>clviii.</strong></span> 
     </span>
    </p>
   </div>
   <div class='ocr_carea' id='block_1_2' title="bbox 160 498 1284 2457">
    <p class='ocr_par' dir='ltr' id='par_1_2' title="bbox 162 498 1284 1065">
     <span class='ocr_line' id='line_1_2' title="bbox 163 498 1284 600; baseline 0.001 -26"><span class='ocrx_word' id='word_1_9' title='bbox 163 516 222 574; x_wconf 92' lang='lat' dir='ltr'><strong>aut</strong></span> <span class='ocrx_word' id='word_1_10' title='bbox 247 501 348 573; x_wconf 86' lang='lat' dir='ltr'><strong>noxia</strong></span> <span class='ocrx_word' id='word_1_11' title='bbox 372 500 440 573; x_wconf 88' lang='lat' dir='ltr'><strong>vim</strong></span> <span class='ocrx_word' id='word_1_12' title='bbox 467 498 594 572; x_wconf 91' lang='lat' dir='ltr'><strong>nullam</strong></span> <span class='ocrx_word' id='word_1_13' title='bbox 621 499 723 572; x_wconf 89' lang='lat' dir='ltr'><strong>habet</strong></span> <span class='ocrx_word' id='word_1_14' title='bbox 751 502 847 595; x_wconf 83' lang='lat' dir='ltr'><strong>(to);</strong></span> <span class='ocrx_word' id='word_1_15' title='bbox 875 501 966 600; x_wconf 93' lang='lat' dir='ltr'><strong>quod</strong></span> <span class='ocrx_word' id='word_1_16' title='bbox 993 502 1022 574; x_wconf 95' lang='lat' dir='ltr'><strong>si</strong></span> <span class='ocrx_word' id='word_1_17' title='bbox 1048 501 1198 574; x_wconf 87' lang='lat' dir='ltr'><strong>iustitiae</strong></span> <span class='ocrx_word' id='word_1_18' title='bbox 1222 503 1284 575; x_wconf 87' lang='lat' dir='ltr'><strong>ad-</strong></span> 
     </span>
     <span class='ocr_line' id='line_1_3' title="bbox 162 615 1282 716; baseline 0 -24"><span class='ocrx_word' id='word_1_19' title='bbox 162 633 335 704; x_wconf 81' lang='lat' dir='ltr'><strong>versetur,</strong></span> <span class='ocrx_word' id='word_1_20' title='bbox 365 641 432 688; x_wconf 92' lang='lat' dir='ltr'><strong>non</strong></span> <span class='ocrx_word' id='word_1_21' title='bbox 458 615 568 689; x_wconf 92' lang='lat' dir='ltr'><strong>solum</strong></span> <span class='ocrx_word' id='word_1_22' title='bbox 594 617 720 689; x_wconf 90' lang='lat' dir='ltr'><strong>iniusta</strong></span> <span class='ocrx_word' id='word_1_23' title='bbox 741 616 861 689; x_wconf 86' lang='lat' dir='ltr'>evadet</span> <span class='ocrx_word' id='word_1_24' title='bbox 877 616 952 704; x_wconf 82' lang='lat' dir='ltr'><strong>lex,</strong></span> <span class='ocrx_word' id='word_1_25' title='bbox 974 643 1085 716; x_wconf 90' lang='lat' dir='ltr'><strong>neque</strong></span> <span class='ocrx_word' id='word_1_26' title='bbox 1102 617 1282 716; x_wconf 86' lang='lat' dir='ltr'><strong>obligatio-</strong></span> 
     </span>
     <span class='ocr_line' id='line_1_4' title="bbox 163 733 1284 822; baseline 0.002 -16"><span class='ocrx_word' id='word_1_27' title='bbox 163 760 240 806; x_wconf 91' lang='lat' dir='ltr'><strong>nem</strong></span> <span class='ocrx_word' id='word_1_28' title='bbox 266 734 422 818; x_wconf 89' lang='lat' dir='ltr'><strong>inducet,</strong></span> <span class='ocrx_word' id='word_1_29' title='bbox 451 733 512 806; x_wconf 90' lang='lat' dir='ltr'><strong>sed</strong></span> <span class='ocrx_word' id='word_1_30' title='bbox 538 733 731 806; x_wconf 87' lang='lat' dir='ltr'><strong>nullatenus</strong></span> <span class='ocrx_word' id='word_1_31' title='bbox 757 758 831 805; x_wconf 90' lang='lat' dir='ltr'><strong>eam</strong></span> <span class='ocrx_word' id='word_1_32' title='bbox 857 759 990 807; x_wconf 89' lang='lat' dir='ltr'><strong>servare</strong></span> <span class='ocrx_word' id='word_1_33' title='bbox 1015 734 1067 806; x_wconf 88' lang='lat' dir='ltr'><strong>las</strong></span> <span class='ocrx_word' id='word_1_34' title='bbox 1093 735 1178 822; x_wconf 90' lang='lat' dir='ltr'><strong>erit,</strong></span> <span class='ocrx_word' id='word_1_35' title='bbox 1206 760 1284 808; x_wconf 88' lang='lat' dir='ltr'><strong>cum</strong></span> 
     </span>
     <span class='ocr_line' id='line_1_5' title="bbox 163 849 1284 950; baseline 0.001 -28"><span class='ocrx_word' id='word_1_36' title='bbox 163 850 217 924; x_wconf 80' lang='lat' dir='ltr'><strong>lex</strong></span> <span class='ocrx_word' id='word_1_37' title='bbox 236 867 382 950; x_wconf 88' lang='lat' dir='ltr'><strong>nequeat</strong></span> <span class='ocrx_word' id='word_1_38' title='bbox 402 877 480 924; x_wconf 89' lang='lat' dir='ltr'><strong>esse</strong></span> <span class='ocrx_word' id='word_1_39' title='bbox 496 850 669 924; x_wconf 88' lang='lat' dir='ltr'><strong>vinculum</strong></span> <span class='ocrx_word' id='word_1_40' title='bbox 688 849 894 949; x_wconf 83' lang='lat' dir='ltr'><strong>iniquitatis3</strong></span> <span class='ocrx_word' id='word_1_41' title='bbox 915 866 1017 950; x_wconf 88' lang='lat' dir='ltr'><strong>atque</strong></span> <span class='ocrx_word' id='word_1_42' title='bbox 1033 850 1111 924; x_wconf 92' lang='lat' dir='ltr'><strong>ideo</strong></span> <span class='ocrx_word' id='word_1_43' title='bbox 1127 866 1284 924; x_wconf 89' lang='lat' dir='ltr'><strong>naturam</strong></span> 
     </span>
     <span class='ocr_line' id='line_1_6' title="bbox 162 965 554 1065; baseline 0 -28"><span class='ocrx_word' id='word_1_44' title='bbox 162 966 274 1040; x_wconf 92' lang='lat' dir='ltr'><strong>induit</strong></span> <span class='ocrx_word' id='word_1_45' title='bbox 298 965 554 1065; x_wconf 88' lang='lat' dir='ltr'><strong>antipoliticam.</strong></span> 
     </span>
    </p>

    <p class='ocr_par' dir='ltr' id='par_1_3' title="bbox 160 1082 1284 2457">
     <span class='ocr_line' id='line_1_7' title="bbox 234 1082 1282 1180; baseline 0.005 -27"><span class='ocrx_word' id='word_1_46' title='bbox 234 1083 413 1156; x_wconf 84' lang='lat' dir='ltr'><strong>Eiusmodi</strong></span> <span class='ocrx_word' id='word_1_47' title='bbox 431 1100 543 1157; x_wconf 89' lang='lat' dir='ltr'><strong>autem</strong></span> <span class='ocrx_word' id='word_1_48' title='bbox 560 1109 637 1156; x_wconf 90' lang='lat' dir='ltr'><strong>esse</strong></span> <span class='ocrx_word' id='word_1_49' title='bbox 655 1083 763 1180; x_wconf 85' lang='lat' dir='ltr'><strong>legem</strong></span> <span class='ocrx_word' id='word_1_50' title='bbox 780 1082 823 1155; x_wconf 91' lang='lat' dir='ltr'><strong>de</strong></span> <span class='ocrx_word' id='word_1_51' title='bbox 835 1082 1003 1180; x_wconf 89' lang='lat' dir='ltr'><strong>coniugiis</strong></span> <span class='ocrx_word' id='word_1_52' title='bbox 1016 1108 1107 1156; x_wconf 89' lang='lat' dir='ltr'><strong>mere</strong></span> <span class='ocrx_word' id='word_1_53' title='bbox 1120 1083 1282 1158; x_wconf 78' lang='lat' dir='ltr'><strong>civilibus</strong></span> 
     </span>
     <span class='ocr_line' id='line_1_8' title="bbox 162 1197 1284 1298; baseline 0.002 -29"><span class='ocrx_word' id='word_1_54' title='bbox 162 1198 263 1273; x_wconf 77' lang='lat' dir='ltr'><strong>facile</strong></span> <span class='ocrx_word' id='word_1_55' title='bbox 287 1198 434 1298; x_wconf 91' lang='lat' dir='ltr'><strong>quisque</strong></span> <span class='ocrx_word' id='word_1_56' title='bbox 459 1197 525 1272; x_wconf 91' lang='lat' dir='ltr'><strong>sibi</strong></span> <span class='ocrx_word' id='word_1_57' title='bbox 552 1198 787 1298; x_wconf 83' lang='lat' dir='ltr'>persuadebit,</span> <span class='ocrx_word' id='word_1_58' title='bbox 808 1198 838 1270; x_wconf 93' lang='lat' dir='ltr'><strong>si</strong></span> <span class='ocrx_word' id='word_1_59' title='bbox 857 1198 1117 1284; x_wconf 84' lang='lat' dir='ltr'><strong>animadvertat,</strong></span> <span class='ocrx_word' id='word_1_60' title='bbox 1139 1225 1215 1271; x_wconf 90' lang='lat' dir='ltr'><strong>eam</strong></span> <span class='ocrx_word' id='word_1_61' title='bbox 1233 1198 1284 1272; x_wconf 90' lang='lat' dir='ltr'><strong>le-</strong></span> 
     </span>
     <span class='ocr_line' id='line_1_9' title="bbox 162 1314 1281 1414; baseline 0.002 -28"><span class='ocrx_word' id='word_1_62' title='bbox 162 1340 238 1412; x_wconf 88' lang='lat' dir='ltr'><strong>gem</strong></span> <span class='ocrx_word' id='word_1_63' title='bbox 255 1341 296 1387; x_wconf 90' lang='lat' dir='ltr'><strong>eo</strong></span> <span class='ocrx_word' id='word_1_64' title='bbox 313 1314 435 1412; x_wconf 81' lang='lat' dir='ltr'><strong>dirigi,</strong></span> <span class='ocrx_word' id='word_1_65' title='bbox 455 1330 494 1388; x_wconf 91' lang='lat' dir='ltr'><strong>ut</strong></span> <span class='ocrx_word' id='word_1_66' title='bbox 509 1315 723 1412; x_wconf 90' lang='lat' dir='ltr'><strong>coniugium,</strong></span> <span class='ocrx_word' id='word_1_67' title='bbox 751 1315 843 1414; x_wconf 91' lang='lat' dir='ltr'><strong>quod</strong></span> <span class='ocrx_word' id='word_1_68' title='bbox 869 1330 1117 1389; x_wconf 90' lang='lat' dir='ltr'><strong>sacramentum</strong></span> <span class='ocrx_word' id='word_1_69' title='bbox 1140 1330 1215 1402; x_wconf 90' lang='lat' dir='ltr'><strong>est,</strong></span> <span class='ocrx_word' id='word_1_70' title='bbox 1235 1317 1281 1388; x_wconf 90' lang='lat' dir='ltr'><strong>ad</strong></span> 
     </span>
     <span class='ocr_line' id='line_1_10' title="bbox 161 1431 1276 1529; baseline -0.001 -25"><span class='ocrx_word' id='word_1_71' title='bbox 161 1431 389 1504; x_wconf 85' lang='lat' dir='ltr'><strong>conditionem</strong></span> <span class='ocrx_word' id='word_1_72' title='bbox 407 1433 484 1529; x_wconf 92' lang='lat' dir='ltr'><strong>puri</strong></span> <span class='ocrx_word' id='word_1_73' title='bbox 502 1447 692 1505; x_wconf 89' lang='lat' dir='ltr'><strong>contractus</strong></span> <span class='ocrx_word' id='word_1_74' title='bbox 710 1447 904 1518; x_wconf 90' lang='lat' dir='ltr'><strong>revocetur,</strong></span> <span class='ocrx_word' id='word_1_75' title='bbox 927 1431 972 1503; x_wconf 91' lang='lat' dir='ltr'><strong>sit</strong></span> <span class='ocrx_word' id='word_1_76' title='bbox 988 1431 1102 1504; x_wconf 92' lang='lat' dir='ltr'><strong>minus</strong></span> <span class='ocrx_word' id='word_1_77' title='bbox 1121 1431 1276 1519; x_wconf 85' lang='lat' dir='ltr'><strong>firmum,</strong></span> 
     </span>
     <span class='ocr_line' id='line_1_11' title="bbox 161 1544 1284 1644; baseline -0.002 -24"><span class='ocrx_word' id='word_1_78' title='bbox 161 1561 195 1620; x_wconf 91' lang='lat' dir='ltr'><strong>et</strong></span> <span class='ocrx_word' id='word_1_79' title='bbox 230 1544 417 1620; x_wconf 81' lang='lat' dir='ltr'><strong>revocabile</strong></span> <span class='ocrx_word' id='word_1_80' title='bbox 441 1546 486 1618; x_wconf 88' lang='lat' dir='ltr'><strong>ad</strong></span> <span class='ocrx_word' id='word_1_81' title='bbox 515 1547 716 1618; x_wconf 82' lang='lat' dir='ltr'><strong>sententiam</strong></span> <span class='ocrx_word' id='word_1_82' title='bbox 742 1545 999 1644; x_wconf 81' lang='lat' dir='ltr'><strong>magistratuum</strong></span> <span class='ocrx_word' id='word_1_83' title='bbox 1025 1546 1097 1619; x_wconf 84' lang='lat' dir='ltr'><strong>sive</strong></span> <span class='ocrx_word' id='word_1_84' title='bbox 1122 1546 1165 1618; x_wconf 87' lang='lat' dir='ltr'><strong>ad</strong></span> <span class='ocrx_word' id='word_1_85' title='bbox 1192 1572 1284 1620; x_wconf 90' lang='lat' dir='ltr'><strong>mor-</strong></span> 
     </span>
     <span class='ocr_line' id='line_1_12' title="bbox 162 1661 1284 1763; baseline 0 -28"><span class='ocrx_word' id='word_1_86' title='bbox 162 1680 245 1750; x_wconf 92' lang='lat' dir='ltr'><strong>tem,</strong></span> <span class='ocrx_word' id='word_1_87' title='bbox 266 1689 369 1763; x_wconf 89' lang='lat' dir='ltr'><strong>quam</strong></span> <span class='ocrx_word' id='word_1_88' title='bbox 391 1677 528 1748; x_wconf 88' lang='lat' dir='ltr'><strong>vocant,</strong></span> <span class='ocrx_word' id='word_1_89' title='bbox 550 1661 697 1749; x_wconf 89' lang='lat' dir='ltr'><strong>civilem,</strong></span> <span class='ocrx_word' id='word_1_90' title='bbox 713 1688 870 1761; x_wconf 88' lang='lat' dir='ltr'><strong>quaeque</strong></span> <span class='ocrx_word' id='word_1_91' title='bbox 883 1688 943 1762; x_wconf 90' lang='lat' dir='ltr'><strong>per</strong></span> <span class='ocrx_word' id='word_1_92' title='bbox 957 1661 1099 1759; x_wconf 85' lang='lat' dir='ltr'><strong>legalem</strong></span> <span class='ocrx_word' id='word_1_93' title='bbox 1114 1662 1284 1736; x_wconf 85' lang='lat' dir='ltr'><strong>fictionem</strong></span> 
     </span>
     <span class='ocr_line' id='line_1_13' title="bbox 161 1777 1278 1878; baseline -0.001 -27"><span class='ocrx_word' id='word_1_94' title='bbox 161 1778 401 1878; x_wconf 87' lang='lat' dir='ltr'><strong>aequiparatur</strong></span> <span class='ocrx_word' id='word_1_95' title='bbox 417 1778 514 1850; x_wconf 92' lang='lat' dir='ltr'><strong>morti</strong></span> <span class='ocrx_word' id='word_1_96' title='bbox 533 1777 695 1864; x_wconf 89' lang='lat' dir='ltr'><strong>naturali,</strong></span> <span class='ocrx_word' id='word_1_97' title='bbox 712 1778 784 1851; x_wconf 83' lang='lat' dir='ltr'><strong>sive</strong></span> <span class='ocrx_word' id='word_1_98' title='bbox 801 1805 863 1876; x_wconf 92' lang='lat' dir='ltr'><strong>per</strong></span> <span class='ocrx_word' id='word_1_99' title='bbox 879 1777 1060 1851; x_wconf 86' lang='lat' dir='ltr'><strong>divortium</strong></span> <span class='ocrx_word' id='word_1_100' title='bbox 1079 1778 1278 1877; x_wconf 85' lang='lat' dir='ltr'><strong>perlectum,</strong></span> 
     </span>
     <span class='ocr_line' id='line_1_14' title="bbox 161 1894 1280 1994; baseline -0.001 -26"><span class='ocrx_word' id='word_1_101' title='bbox 161 1895 253 1994; x_wconf 93' lang='lat' dir='ltr'><strong>quod</strong></span> <span class='ocrx_word' id='word_1_102' title='bbox 275 1895 311 1966; x_wconf 93' lang='lat' dir='ltr'><strong>in</strong></span> <span class='ocrx_word' id='word_1_103' title='bbox 336 1894 492 1992; x_wconf 91' lang='lat' dir='ltr'><strong>pluribus</strong></span> <span class='ocrx_word' id='word_1_104' title='bbox 518 1920 630 1966; x_wconf 91' lang='lat' dir='ltr'><strong>rerum</strong></span> <span class='ocrx_word' id='word_1_105' title='bbox 652 1894 822 1967; x_wconf 88' lang='lat' dir='ltr'><strong>adiunctis</strong></span> <span class='ocrx_word' id='word_1_106' title='bbox 848 1894 1042 1968; x_wconf 91' lang='lat' dir='ltr'><strong>necessario</strong></span> <span class='ocrx_word' id='word_1_107' title='bbox 1061 1895 1280 1993; x_wconf 84' lang='lat' dir='ltr'><strong>pronunciari</strong></span> 
     </span>
     <span class='ocr_line' id='line_1_15' title="bbox 160 2009 1281 2109; baseline 0.001 -28"><span class='ocrx_word' id='word_1_108' title='bbox 160 2010 309 2083; x_wconf 83' lang='lat' dir='ltr'><strong>deberet.</strong></span> <span class='ocrx_word' id='word_1_109' title='bbox 327 2011 488 2109; x_wconf 86' lang='lat' dir='ltr'><strong>Insuper,</strong></span> <span class='ocrx_word' id='word_1_110' title='bbox 504 2026 541 2082; x_wconf 94' lang='lat' dir='ltr'><strong>ut</strong></span> <span class='ocrx_word' id='word_1_111' title='bbox 554 2010 784 2097; x_wconf 86' lang='lat' dir='ltr'><strong>ostendimus,</strong></span> <span class='ocrx_word' id='word_1_112' title='bbox 800 2009 991 2083; x_wconf 84' lang='lat' dir='ltr'><strong>facultatem</strong></span> <span class='ocrx_word' id='word_1_113' title='bbox 1009 2010 1188 2109; x_wconf 89' lang='lat' dir='ltr'><strong>praeberet</strong></span> <span class='ocrx_word' id='word_1_114' title='bbox 1204 2037 1281 2084; x_wconf 89' lang='lat' dir='ltr'><strong>con-</strong></span> 
     </span>
     <span class='ocr_line' id='line_1_16' title="bbox 161 2119 1280 2225; baseline -0.002 -27"><span class='ocrx_word' id='word_1_115' title='bbox 161 2125 374 2199; x_wconf 89' lang='lat' dir='ltr'><strong>trahentibus</strong></span> <span class='ocrx_word' id='word_1_116' title='bbox 387 2141 457 2198; x_wconf 91' lang='lat' dir='ltr'><strong>tum</strong></span> <span class='ocrx_word' id='word_1_117' title='bbox 472 2119 576 2199; x_wconf 87' lang='lat' dir='ltr'><strong>novas</strong></span> <span class='ocrx_word' id='word_1_118' title='bbox 590 2125 729 2197; x_wconf 92' lang='lat' dir='ltr'><strong>ineundi</strong></span> <span class='ocrx_word' id='word_1_119' title='bbox 744 2126 894 2224; x_wconf 87' lang='lat' dir='ltr'><strong>nuptias,</strong></span> <span class='ocrx_word' id='word_1_120' title='bbox 903 2126 1037 2200; x_wconf 85' lang='lat' dir='ltr'><strong>vivente</strong></span> <span class='ocrx_word' id='word_1_121' title='bbox 1051 2124 1164 2198; x_wconf 91' lang='lat' dir='ltr'><strong>adhuc</strong></span> <span class='ocrx_word' id='word_1_122' title='bbox 1177 2126 1280 2225; x_wconf 88' lang='lat' dir='ltr'><strong>priori</strong></span> 
     </span>
     <span class='ocr_line' id='line_1_17' title="bbox 162 2239 1276 2341; baseline -0.004 -26"><span class='ocrx_word' id='word_1_123' title='bbox 162 2243 325 2340; x_wconf 90' lang='lat' dir='ltr'><strong>coniuge,</strong></span> <span class='ocrx_word' id='word_1_124' title='bbox 346 2242 438 2341; x_wconf 87' lang='lat' dir='ltr'><strong>quod</strong></span> <span class='ocrx_word' id='word_1_125' title='bbox 456 2258 546 2314; x_wconf 92' lang='lat' dir='ltr'><strong>esset</strong></span> <span class='ocrx_word' id='word_1_126' title='bbox 567 2240 727 2314; x_wconf 87' lang='lat' dir='ltr'><strong>inducere</strong></span> <span class='ocrx_word' id='word_1_127' title='bbox 743 2240 970 2341; x_wconf 82' lang='lat' dir='ltr'><strong>polygamiam</strong></span> <span class='ocrx_word' id='word_1_128' title='bbox 992 2239 1112 2312; x_wconf 88' lang='lat' dir='ltr'><strong>saltem</strong></span> <span class='ocrx_word' id='word_1_129' title='bbox 1129 2240 1276 2328; x_wconf 88' lang='lat' dir='ltr'><strong>civilem,</strong></span> 
     </span>
     <span class='ocr_line' id='line_1_18' title="bbox 162 2356 1279 2457; baseline -0.004 -25"><span class='ocrx_word' id='word_1_130' title='bbox 162 2375 232 2432; x_wconf 89' lang='lat' dir='ltr'><strong>tum</strong></span> <span class='ocrx_word' id='word_1_131' title='bbox 250 2385 326 2432; x_wconf 88' lang='lat' dir='ltr'><strong>sese</strong></span> <span class='ocrx_word' id='word_1_132' title='bbox 343 2358 577 2456; x_wconf 86' lang='lat' dir='ltr'><strong>obstringendi</strong></span> <span class='ocrx_word' id='word_1_133' title='bbox 596 2358 640 2430; x_wconf 89' lang='lat' dir='ltr'><strong>ad</strong></span> <span class='ocrx_word' id='word_1_134' title='bbox 658 2372 795 2457; x_wconf 89' lang='lat' dir='ltr'><strong>peccata</strong></span> <span class='ocrx_word' id='word_1_135' title='bbox 817 2356 983 2456; x_wconf 88' lang='lat' dir='ltr'><strong>patranda</strong></span> <span class='ocrx_word' id='word_1_136' title='bbox 1004 2357 1096 2456; x_wconf 90' lang='lat' dir='ltr'><strong>apud</strong></span> <span class='ocrx_word' id='word_1_137' title='bbox 1122 2383 1200 2445; x_wconf 90' lang='lat' dir='ltr'><strong>eos,</strong></span> <span class='ocrx_word' id='word_1_138' title='bbox 1221 2357 1279 2457; x_wconf 93' lang='lat' dir='ltr'><strong>qui</strong></span> 
     </span>
    </p>
   </div>
   <div class='ocr_carea' id='block_1_3' title="bbox 159 2574 1279 2878">
    <p class='ocr_par' dir='ltr' id='par_1_4' title="bbox 159 2574 1279 2878">
     <span class='ocr_line' id='line_1_19' title="bbox 235 2574 1277 2640; baseline 0.001 -16"><span class='ocrx_word' id='word_1_139' title='bbox 235 2574 285 2639; x_wconf 85' lang='lat' dir='ltr'><strong>(lo)</strong></span> <span class='ocrx_word' id='word_1_140' title='bbox 301 2578 356 2626; x_wconf 83' lang='lat' dir='ltr'><strong>Non</strong></span> <span class='ocrx_word' id='word_1_141' title='bbox 366 2575 536 2639; x_wconf 80' lang='lat' dir='ltr'><strong>liicproleram</strong></span> <span class='ocrx_word' id='word_1_142' title='bbox 547 2577 578 2626; x_wconf 90' lang='lat' dir='ltr'><strong>ad</strong></span> <span class='ocrx_word' id='word_1_143' title='bbox 591 2576 742 2640; x_wconf 89' lang='lat' dir='ltr'><strong>propositum</strong></span> <span class='ocrx_word' id='word_1_144' title='bbox 760 2575 907 2640; x_wconf 88' lang='lat' dir='ltr'><strong>principium</strong></span> <span class='ocrx_word' id='word_1_145' title='bbox 928 2575 1083 2640; x_wconf 88' lang='lat' dir='ltr'><strong>probandum</strong></span> <span class='ocrx_word' id='word_1_146' title='bbox 1102 2574 1277 2625; x_wconf 86' lang='lat' dir='ltr'><strong>auctoritatem</strong></span> 
     </span>
     <span class='ocr_line' id='line_1_20' title="bbox 160 2644 1279 2718; baseline 0.001 -16"><span class='ocrx_word' id='word_1_147' title='bbox 160 2653 332 2716; x_wconf 79' lang='lat' dir='ltr'><strong>theologorum</strong></span> <span class='ocrx_word' id='word_1_148' title='bbox 350 2655 473 2716; x_wconf 85' lang='lat' dir='ltr'><strong>omnium,</strong></span> <span class='ocrx_word' id='word_1_149' title='bbox 485 2655 529 2718; x_wconf 88' lang='lat' dir='ltr'><strong>qui</strong></span> <span class='ocrx_word' id='word_1_150' title='bbox 540 2655 670 2705; x_wconf 88' lang='lat' dir='ltr'><strong>unanimes</strong></span> <span class='ocrx_word' id='word_1_151' title='bbox 680 2656 745 2704; x_wconf 87' lang='lat' dir='ltr'><strong>cirea</strong></span> <span class='ocrx_word' id='word_1_152' title='bbox 756 2655 818 2704; x_wconf 92' lang='lat' dir='ltr'><strong>illud</strong></span> <span class='ocrx_word' id='word_1_153' title='bbox 833 2656 904 2718; x_wconf 90' lang='lat' dir='ltr'><strong>suut;</strong></span> <span class='ocrx_word' id='word_1_154' title='bbox 922 2668 1002 2718; x_wconf 89' lang='lat' dir='ltr'><strong>neque</strong></span> <span class='ocrx_word' id='word_1_155' title='bbox 1018 2644 1173 2705; x_wconf 84' lang='lat' dir='ltr'><strong>institutores</strong></span> <span class='ocrx_word' id='word_1_156' title='bbox 1189 2653 1279 2718; x_wconf 80' lang='lat' dir='ltr'><strong>urgebo</strong></span> 
     </span>
     <span class='ocr_line' id='line_1_21' title="bbox 159 2731 1278 2798; baseline 0 -16"><span class='ocrx_word' id='word_1_157' title='bbox 159 2733 364 2796; x_wconf 86' lang='lat' dir='ltr'><strong>iurisprudentlae</strong></span> <span class='ocrx_word' id='word_1_158' title='bbox 382 2734 464 2785; x_wconf 86' lang='lat' dir='ltr'><strong>civilis</strong></span> <span class='ocrx_word' id='word_1_159' title='bbox 482 2735 536 2784; x_wconf 84' lang='lat' dir='ltr'><strong>sive</strong></span> <span class='ocrx_word' id='word_1_160' title='bbox 553 2734 688 2784; x_wconf 86' lang='lat' dir='ltr'><strong>catholicos</strong></span> <span class='ocrx_word' id='word_1_161' title='bbox 701 2735 754 2791; x_wconf 86' lang='lat' dir='ltr'><strong>sive</strong></span> <span class='ocrx_word' id='word_1_162' title='bbox 769 2736 948 2798; x_wconf 84' lang='lat' dir='ltr'><strong>protestantes,</strong></span> <span class='ocrx_word' id='word_1_163' title='bbox 958 2733 1190 2784; x_wconf 86' lang='lat' dir='ltr'><strong>imonecetbnioos</strong></span> <span class='ocrx_word' id='word_1_164' title='bbox 1200 2731 1278 2797; x_wconf 89' lang='lat' dir='ltr'><strong>ipsos,</strong></span> 
     </span>
     <span class='ocr_line' id='line_1_22' title="bbox 160 2812 1278 2878; baseline 0 -16"><span class='ocrx_word' id='word_1_165' title='bbox 160 2812 204 2876; x_wconf 87' lang='lat' dir='ltr'><strong>qui</strong></span> <span class='ocrx_word' id='word_1_166' title='bbox 214 2814 267 2864; x_wconf 90' lang='lat' dir='ltr'><strong>solo</strong></span> <span class='ocrx_word' id='word_1_167' title='bbox 279 2814 386 2864; x_wconf 86' lang='lat' dir='ltr'><strong>naturali</strong></span> <span class='ocrx_word' id='word_1_168' title='bbox 401 2815 495 2863; x_wconf 89' lang='lat' dir='ltr'><strong>lumine</strong></span> <span class='ocrx_word' id='word_1_169' title='bbox 505 2815 574 2864; x_wconf 91' lang='lat' dir='ltr'><strong>ducti</strong></span> <span class='ocrx_word' id='word_1_170' title='bbox 585 2815 617 2864; x_wconf 85' lang='lat' dir='ltr'><strong>ad</strong></span> <span class='ocrx_word' id='word_1_171' title='bbox 628 2814 710 2877; x_wconf 89' lang='lat' dir='ltr'><strong>ipsum</strong></span> <span class='ocrx_word' id='word_1_172' title='bbox 720 2814 920 2864; x_wconf 86' lang='lat' dir='ltr'><strong>constituendum</strong></span> <span class='ocrx_word' id='word_1_173' title='bbox 929 2813 1152 2878; x_wconf 57' lang='lat' dir='ltr'><strong>conspiraturos,</strong></span> <span class='ocrx_word' id='word_1_174' title='bbox 1164 2812 1278 2877; x_wconf 77' lang='lat' dir='ltr'><strong>mquam,</strong></span> 
     </span>
    </p>
   </div>
   <div class='ocr_carea' id='block_1_4' title="bbox 154 2892 1278 4401">
    <p class='ocr_par' dir='ltr' id='par_1_5' title="bbox 154 2892 1278 4078">
     <span class='ocr_line' id='line_1_23' title="bbox 160 2892 1276 2957; baseline -0.002 -13"><span class='ocrx_word' id='word_1_175' title='bbox 160 2907 246 2944; x_wconf 85' lang='lat' dir='ltr'><strong>omues</strong></span> <span class='ocrx_word' id='word_1_176' title='bbox 254 2894 387 2944; x_wconf 84' lang='lat' dir='ltr'><strong>dimittam.</strong></span> <span class='ocrx_word' id='word_1_177' title='bbox 398 2895 463 2944; x_wconf 85' lang='lat' dir='ltr'><strong>Satis</strong></span> <span class='ocrx_word' id='word_1_178' title='bbox 472 2895 533 2943; x_wconf 87' lang='lat' dir='ltr'><strong>milri</strong></span> <span class='ocrx_word' id='word_1_179' title='bbox 542 2895 590 2945; x_wconf 89' lang='lat' dir='ltr'><strong>erit</strong></span> <span class='ocrx_word' id='word_1_180' title='bbox 600 2894 719 2944; x_wconf 87' lang='lat' dir='ltr'><strong>adversus</strong></span> <span class='ocrx_word' id='word_1_181' title='bbox 732 2894 801 2957; x_wconf 87' lang='lat' dir='ltr'><strong>legis,</strong></span> <span class='ocrx_word' id='word_1_182' title='bbox 812 2894 902 2957; x_wconf 84' lang='lat' dir='ltr'><strong>deque</strong></span> <span class='ocrx_word' id='word_1_183' title='bbox 912 2895 1016 2957; x_wconf 80' lang='lat' dir='ltr'><strong>agimus,</strong></span> <span class='ocrx_word' id='word_1_184' title='bbox 1028 2895 1147 2956; x_wconf 90' lang='lat' dir='ltr'><strong>patronos</strong></span> <span class='ocrx_word' id='word_1_185' title='bbox 1154 2892 1276 2943; x_wconf 84' lang='lat' dir='ltr'><strong>adducere</strong></span> 
     </span>
     <span class='ocr_line' id='line_1_24' title="bbox 159 2971 1278 3039; baseline -0.004 -15"><span class='ocrx_word' id='word_1_186' title='bbox 159 2975 339 3038; x_wconf 87' lang='lat' dir='ltr'><strong>auctoritatem,</strong></span> <span class='ocrx_word' id='word_1_187' title='bbox 353 2988 416 3038; x_wconf 88' lang='lat' dir='ltr'><strong>quae</strong></span> <span class='ocrx_word' id='word_1_188' title='bbox 425 2976 559 3038; x_wconf 90' lang='lat' dir='ltr'><strong>plurimum</strong></span> <span class='ocrx_word' id='word_1_189' title='bbox 571 2989 645 3039; x_wconf 91' lang='lat' dir='ltr'><strong>penes</strong></span> <span class='ocrx_word' id='word_1_190' title='bbox 655 2975 722 3038; x_wconf 89' lang='lat' dir='ltr'><strong>ipsos</strong></span> <span class='ocrx_word' id='word_1_191' title='bbox 731 2976 806 3038; x_wconf 82' lang='lat' dir='ltr'><strong>valet,</strong></span> <span class='ocrx_word' id='word_1_192' title='bbox 816 2988 904 3037; x_wconf 88' lang='lat' dir='ltr'><strong>nempe</strong></span> <span class='ocrx_word' id='word_1_193' title='bbox 913 2973 1091 3024; x_wconf 87' lang='lat' dir='ltr'><strong>llelancthouis</strong></span> <span class='ocrx_word' id='word_1_194' title='bbox 1104 2974 1149 3037; x_wconf 88' lang='lat' dir='ltr'><strong>qui</strong></span> <span class='ocrx_word' id='word_1_195' title='bbox 1164 2987 1221 3024; x_wconf 89' lang='lat' dir='ltr'><strong>cum</strong></span> <span class='ocrx_word' id='word_1_196' title='bbox 1232 2971 1278 3024; x_wconf 83' lang='lat' dir='ltr'><strong>sibi</strong></span> 
     </span>
     <span class='ocr_line' id='line_1_25' title="bbox 158 3051 1275 3118; baseline -0.002 -14"><span class='ocrx_word' id='word_1_197' title='bbox 158 3056 325 3118; x_wconf 83' lang='lat' dir='ltr'><strong>proposuisset</strong></span> <span class='ocrx_word' id='word_1_198' title='bbox 338 3056 386 3105; x_wconf 85' lang='lat' dir='ltr'><strong>lroa</strong></span> <span class='ocrx_word' id='word_1_199' title='bbox 398 3056 581 3118; x_wconf 84' lang='lat' dir='ltr'><strong>argumentum:</strong></span> <span class='ocrx_word' id='word_1_200' title='bbox 595 3057 695 3117; x_wconf 75' lang='lat' dir='ltr'><strong>«Reges</strong></span> <span class='ocrx_word' id='word_1_201' title='bbox 706 3057 809 3117; x_wconf 91' lang='lat' dir='ltr'><strong>possunt</strong></span> <span class='ocrx_word' id='word_1_202' title='bbox 819 3053 932 3103; x_wconf 89' lang='lat' dir='ltr'><strong>derebus</strong></span> <span class='ocrx_word' id='word_1_203' title='bbox 943 3052 1050 3116; x_wconf 88' lang='lat' dir='ltr'><strong>politicis</strong></span> <span class='ocrx_word' id='word_1_204' title='bbox 1066 3066 1113 3102; x_wconf 88' lang='lat' dir='ltr'><strong>suo</strong></span> <span class='ocrx_word' id='word_1_205' title='bbox 1131 3051 1226 3102; x_wconf 89' lang='lat' dir='ltr'><strong>iudicio</strong></span> <span class='ocrx_word' id='word_1_206' title='bbox 1235 3051 1275 3102; x_wconf 90' lang='lat' dir='ltr'><strong>dc·</strong></span> 
     </span>
     <span class='ocr_line' id='line_1_26' title="bbox 157 3131 1276 3198; baseline -0.004 -13"><span class='ocrx_word' id='word_1_207' title='bbox 157 3137 224 3186; x_wconf 89' lang='lat' dir='ltr'><strong>creta</strong></span> <span class='ocrx_word' id='word_1_208' title='bbox 244 3135 335 3186; x_wconf 85' lang='lat' dir='ltr'><strong>lacere:</strong></span> <span class='ocrx_word' id='word_1_209' title='bbox 353 3137 554 3187; x_wconf 75' lang='lat' dir='ltr'><strong>matrimonium</strong></span> <span class='ocrx_word' id='word_1_210' title='bbox 567 3137 606 3184; x_wconf 82' lang='lat' dir='ltr'><strong>ert</strong></span> <span class='ocrx_word' id='word_1_211' title='bbox 621 3147 663 3184; x_wconf 86' lang='lat' dir='ltr'><strong>res</strong></span> <span class='ocrx_word' id='word_1_212' title='bbox 676 3133 797 3198; x_wconf 83' lang='lat' dir='ltr'><strong>politica.</strong></span> <span class='ocrx_word' id='word_1_213' title='bbox 810 3137 873 3197; x_wconf 85' lang='lat' dir='ltr'><strong>Ergo</strong></span> <span class='ocrx_word' id='word_1_214' title='bbox 884 3132 982 3196; x_wconf 87' lang='lat' dir='ltr'><strong>regibus</strong></span> <span class='ocrx_word' id='word_1_215' title='bbox 990 3132 1049 3182; x_wconf 90' lang='lat' dir='ltr'><strong>licet</strong></span> <span class='ocrx_word' id='word_1_216' title='bbox 1056 3132 1088 3182; x_wconf 91' lang='lat' dir='ltr'><strong>de</strong></span> <span class='ocrx_word' id='word_1_217' title='bbox 1097 3145 1127 3182; x_wconf 89' lang='lat' dir='ltr'><strong>eo</strong></span> <span class='ocrx_word' id='word_1_218' title='bbox 1137 3132 1237 3183; x_wconf 85' lang='lat' dir='ltr'><strong>decreta</strong></span> <span class='ocrx_word' id='word_1_219' title='bbox 1244 3131 1276 3181; x_wconf 89' lang='lat' dir='ltr'><strong>la·</strong></span> 
     </span>
     <span class='ocr_line' id='line_1_27' title="bbox 158 3213 1278 3278; baseline -0.004 -12"><span class='ocrx_word' id='word_1_220' title='bbox 158 3229 214 3266; x_wconf 86' lang='lat' dir='ltr'><strong>cere</strong></span> <span class='ocrx_word' id='word_1_221' title='bbox 228 3230 274 3265; x_wconf 88' lang='lat' dir='ltr'><strong>suo</strong></span> <span class='ocrx_word' id='word_1_222' title='bbox 292 3216 414 3266; x_wconf 81' lang='lat' dir='ltr'><strong>iudicio.»</strong></span> <span class='ocrx_word' id='word_1_223' title='bbox 429 3218 467 3266; x_wconf 85' lang='lat' dir='ltr'><strong>lta</strong></span> <span class='ocrx_word' id='word_1_224' title='bbox 486 3215 573 3266; x_wconf 82' lang='lat' dir='ltr'><strong>solvit:</strong></span> <span class='ocrx_word' id='word_1_225' title='bbox 591 3236 602 3259; x_wconf 75' lang='grc' dir='ltr'><strong>ιι</strong></span> <span class='ocrx_word' id='word_1_226' title='bbox 613 3216 699 3266; x_wconf 80' lang='lat' dir='ltr'><strong>Brevis</strong></span> <span class='ocrx_word' id='word_1_227' title='bbox 716 3215 842 3278; x_wconf 88' lang='lat' dir='ltr'><strong>responsio</strong></span> <span class='ocrx_word' id='word_1_228' title='bbox 857 3216 906 3276; x_wconf 89' lang='lat' dir='ltr'><strong>est;</strong></span> <span class='ocrx_word' id='word_1_229' title='bbox 923 3216 1003 3264; x_wconf 85' lang='lat' dir='ltr'><strong>maior</strong></span> <span class='ocrx_word' id='word_1_230' title='bbox 1022 3213 1135 3276; x_wconf 88' lang='lat' dir='ltr'><strong>neganda</strong></span> <span class='ocrx_word' id='word_1_231' title='bbox 1146 3215 1198 3276; x_wconf 88' lang='lat' dir='ltr'><strong>est;</strong></span> <span class='ocrx_word' id='word_1_232' title='bbox 1212 3225 1278 3276; x_wconf 88' lang='lat' dir='ltr'><strong>reges</strong></span> 
     </span>
     <span class='ocr_line' id='line_1_28' title="bbox 155 3295 1276 3358; baseline -0.001 -13"><span class='ocrx_word' id='word_1_233' title='bbox 155 3295 221 3345; x_wconf 87' lang='lat' dir='ltr'><strong>euim</strong></span> <span class='ocrx_word' id='word_1_234' title='bbox 232 3308 277 3344; x_wconf 88' lang='lat' dir='ltr'><strong>nec</strong></span> <span class='ocrx_word' id='word_1_235' title='bbox 286 3296 317 3346; x_wconf 90' lang='lat' dir='ltr'><strong>de</strong></span> <span class='ocrx_word' id='word_1_236' title='bbox 326 3296 434 3358; x_wconf 86' lang='lat' dir='ltr'><strong>politicis</strong></span> <span class='ocrx_word' id='word_1_237' title='bbox 445 3296 517 3346; x_wconf 88' lang='lat' dir='ltr'><strong>rebus</strong></span> <span class='ocrx_word' id='word_1_238' title='bbox 531 3295 630 3346; x_wconf 86' lang='lat' dir='ltr'><strong>decreta</strong></span> <span class='ocrx_word' id='word_1_239' title='bbox 649 3309 695 3345; x_wconf 93' lang='lat' dir='ltr'><strong>suo</strong></span> <span class='ocrx_word' id='word_1_240' title='bbox 713 3295 813 3345; x_wconf 91' lang='lat' dir='ltr'><strong>iudicio·</strong></span> <span class='ocrx_word' id='word_1_241' title='bbox 824 3296 1015 3358; x_wconf 87' lang='lat' dir='ltr'><strong>qualiacumque</strong></span> <span class='ocrx_word' id='word_1_242' title='bbox 1033 3295 1140 3344; x_wconf 86' lang='lat' dir='ltr'><strong>condere</strong></span> <span class='ocrx_word' id='word_1_243' title='bbox 1158 3295 1276 3358; x_wconf 84' lang='lat' dir='ltr'><strong>possunt,</strong></span> 
     </span>
     <span class='ocr_line' id='line_1_29' title="bbox 159 3371 1278 3439; baseline -0.004 -15"><span class='ocrx_word' id='word_1_244' title='bbox 159 3373 310 3425; x_wconf 76' lang='lat' dir='ltr'><strong>reddebant</strong></span> <span class='ocrx_word' id='word_1_245' title='bbox 328 3378 414 3426; x_wconf 82' lang='lat' dir='ltr'><strong>instas</strong></span> <span class='ocrx_word' id='word_1_246' title='bbox 430 3375 498 3439; x_wconf 79' lang='lat' dir='ltr'><strong>leges</strong></span> <span class='ocrx_word' id='word_1_247' title='bbox 514 3376 639 3437; x_wconf 86' lang='lat' dir='ltr'><strong>condere,</strong></span> <span class='ocrx_word' id='word_1_248' title='bbox 649 3377 674 3425; x_wconf 93' lang='lat' dir='ltr'><strong>et</strong></span> <span class='ocrx_word' id='word_1_249' title='bbox 685 3374 756 3438; x_wconf 88' lang='lat' dir='ltr'><strong>sequi</strong></span> <span class='ocrx_word' id='word_1_250' title='bbox 765 3374 885 3424; x_wconf 88' lang='lat' dir='ltr'><strong>iudicium</strong></span> <span class='ocrx_word' id='word_1_251' title='bbox 896 3374 957 3434; x_wconf 86' lang='lat' dir='ltr'><strong>Dei,</strong></span> <span class='ocrx_word' id='word_1_252' title='bbox 971 3373 1104 3436; x_wconf 82' lang='lat' dir='ltr'><strong>videlicet,</strong></span> <span class='ocrx_word' id='word_1_253' title='bbox 1123 3386 1155 3423; x_wconf 89' lang='lat' dir='ltr'><strong>ne</strong></span> <span class='ocrx_word' id='word_1_254' title='bbox 1170 3371 1278 3423; x_wconf 84' lang='lat' dir='ltr'><strong>condant</strong></span> 
     </span>
     <span class='ocr_line' id='line_1_30' title="bbox 154 3451 1276 3517; baseline -0.001 -14"><span class='ocrx_word' id='word_1_255' title='bbox 154 3455 220 3516; x_wconf 80' lang='lat' dir='ltr'><strong>leges</strong></span> <span class='ocrx_word' id='word_1_256' title='bbox 229 3457 366 3517; x_wconf 85' lang='lat' dir='ltr'><strong>pugnantes</strong></span> <span class='ocrx_word' id='word_1_257' title='bbox 382 3469 440 3505; x_wconf 91' lang='lat' dir='ltr'><strong>cum</strong></span> <span class='ocrx_word' id='word_1_258' title='bbox 454 3455 577 3505; x_wconf 87' lang='lat' dir='ltr'><strong>mandatis</strong></span> <span class='ocrx_word' id='word_1_259' title='bbox 586 3455 640 3505; x_wconf 85' lang='lat' dir='ltr'><strong>Dei.</strong></span> <span class='ocrx_word' id='word_1_260' title='bbox 651 3455 756 3505; x_wconf 84' lang='lat' dir='ltr'><strong>Politice</strong></span> <span class='ocrx_word' id='word_1_261' title='bbox 768 3468 806 3504; x_wconf 88' lang='lat' dir='ltr'><strong>res</strong></span> <span class='ocrx_word' id='word_1_262' title='bbox 815 3456 852 3503; x_wconf 92' lang='lat' dir='ltr'><strong>est</strong></span> <span class='ocrx_word' id='word_1_263' title='bbox 861 3455 957 3504; x_wconf 81' lang='lat' dir='ltr'><strong>forense</strong></span> <span class='ocrx_word' id='word_1_264' title='bbox 966 3452 1096 3510; x_wconf 80' lang='lat' dir='ltr'><strong>iudicium.</strong></span> <span class='ocrx_word' id='word_1_265' title='bbox 1108 3452 1160 3502; x_wconf 85' lang='lat' dir='ltr'><strong>sed</strong></span> <span class='ocrx_word' id='word_1_266' title='bbox 1171 3451 1276 3514; x_wconf 81' lang='lat' dir='ltr'><strong>rapidas</strong></span> 
     </span>
     <span class='ocr_line' id='line_1_31' title="bbox 157 3532 1274 3598; baseline -0.001 -15"><span class='ocrx_word' id='word_1_267' title='bbox 157 3533 280 3584; x_wconf 86' lang='lat' dir='ltr'><strong>nonlicet</strong></span> <span class='ocrx_word' id='word_1_268' title='bbox 292 3533 359 3597; x_wconf 73' lang='lat' dir='ltr'><strong>leges</strong></span> <span class='ocrx_word' id='word_1_269' title='bbox 370 3534 493 3596; x_wconf 82' lang='lat' dir='ltr'><strong>condere,</strong></span> <span class='ocrx_word' id='word_1_270' title='bbox 503 3539 535 3586; x_wconf 86' lang='lat' dir='ltr'><strong>at</strong></span> <span class='ocrx_word' id='word_1_271' title='bbox 546 3535 628 3586; x_wconf 80' lang='lat' dir='ltr'><strong>iudea</strong></span> <span class='ocrx_word' id='word_1_272' title='bbox 634 3537 734 3598; x_wconf 83' lang='lat' dir='ltr'><strong>puniat</strong></span> <span class='ocrx_word' id='word_1_273' title='bbox 743 3536 917 3594; x_wconf 81' lang='lat' dir='ltr'><strong>innocentem,</strong></span> <span class='ocrx_word' id='word_1_274' title='bbox 927 3536 982 3584; x_wconf 83' lang='lat' dir='ltr'><strong>sine</strong></span> <span class='ocrx_word' id='word_1_275' title='bbox 993 3532 1111 3596; x_wconf 75' lang='lat' dir='ltr'><strong>legitima</strong></span> <span class='ocrx_word' id='word_1_276' title='bbox 1120 3535 1274 3596; x_wconf 77' lang='lat' dir='ltr'><strong>cognitione.</strong></span> 
     </span>
     <span class='ocr_line' id='line_1_32' title="bbox 155 3609 1275 3680; baseline -0.003 -18"><span class='ocrx_word' id='word_1_277' title='bbox 155 3611 243 3664; x_wconf 82' lang='lat' dir='ltr'><strong>Habet</strong></span> <span class='ocrx_word' id='word_1_278' title='bbox 253 3626 316 3663; x_wconf 81' lang='lat' dir='ltr'><strong>raas</strong></span> <span class='ocrx_word' id='word_1_279' title='bbox 327 3616 409 3663; x_wconf 82' lang='lat' dir='ltr'><strong>metas</strong></span> <span class='ocrx_word' id='word_1_280' title='bbox 420 3627 513 3677; x_wconf 79' lang='lat' dir='ltr'><strong>repam</strong></span> <span class='ocrx_word' id='word_1_281' title='bbox 522 3617 655 3678; x_wconf 86' lang='lat' dir='ltr'><strong>potentia,</strong></span> <span class='ocrx_word' id='word_1_282' title='bbox 666 3627 711 3663; x_wconf 91' lang='lat' dir='ltr'><strong>nec</strong></span> <span class='ocrx_word' id='word_1_283' title='bbox 720 3615 803 3663; x_wconf 88' lang='lat' dir='ltr'><strong>sumat</strong></span> <span class='ocrx_word' id='word_1_284' title='bbox 813 3613 861 3663; x_wconf 87' lang='lat' dir='ltr'><strong>sihi</strong></span> <span class='ocrx_word' id='word_1_285' title='bbox 872 3611 997 3680; x_wconf 84' lang='lat' dir='ltr'><strong>licentiam</strong></span> <span class='ocrx_word' id='word_1_286' title='bbox 1007 3613 1093 3661; x_wconf 90' lang='lat' dir='ltr'><strong>contra</strong></span> <span class='ocrx_word' id='word_1_287' title='bbox 1105 3610 1225 3660; x_wconf 84' lang='lat' dir='ltr'><strong>mandata</strong></span> <span class='ocrx_word' id='word_1_288' title='bbox 1232 3609 1275 3660; x_wconf 88' lang='lat' dir='ltr'><strong>Dei</strong></span> 
     </span>
     <span class='ocr_line' id='line_1_33' title="bbox 158 3691 1275 3757; baseline -0.003 -15"><span class='ocrx_word' id='word_1_289' title='bbox 158 3692 255 3756; x_wconf 83' lang='lat' dir='ltr'><strong>aliquid</strong></span> <span class='ocrx_word' id='word_1_290' title='bbox 264 3693 437 3744; x_wconf 91' lang='lat' dir='ltr'><strong>constituendi.</strong></span> <span class='ocrx_word' id='word_1_291' title='bbox 448 3695 575 3745; x_wconf 89' lang='lat' dir='ltr'><strong>Pertinent</strong></span> <span class='ocrx_word' id='word_1_292' title='bbox 584 3695 616 3744; x_wconf 88' lang='lat' dir='ltr'><strong>ad</strong></span> <span class='ocrx_word' id='word_1_293' title='bbox 627 3695 694 3757; x_wconf 90' lang='lat' dir='ltr'><strong>ipsos</strong></span> <span class='ocrx_word' id='word_1_294' title='bbox 705 3707 804 3756; x_wconf 87' lang='lat' dir='ltr'><strong>quoque</strong></span> <span class='ocrx_word' id='word_1_295' title='bbox 819 3693 900 3743; x_wconf 89' lang='lat' dir='ltr'><strong>minae</strong></span> <span class='ocrx_word' id='word_1_296' title='bbox 917 3693 1050 3742; x_wconf 84' lang='lat' dir='ltr'><strong>caelestes:</strong></span> <span class='ocrx_word' id='word_1_297' title='bbox 1071 3694 1123 3742; x_wconf 85' lang='lat' dir='ltr'><strong>Vae</strong></span> <span class='ocrx_word' id='word_1_298' title='bbox 1138 3691 1214 3742; x_wconf 82' lang='lat' dir='ltr'><strong>oobts</strong></span> <span class='ocrx_word' id='word_1_299' title='bbox 1230 3692 1275 3755; x_wconf 81' lang='lat' dir='ltr'><strong>pai</strong></span> 
     </span>
     <span class='ocr_line' id='line_1_34' title="bbox 155 3769 1275 3839; baseline -0.002 -16"><span class='ocrx_word' id='word_1_300' title='bbox 155 3773 269 3824; x_wconf 81' lang='lat' dir='ltr'><strong>conditis</strong></span> <span class='ocrx_word' id='word_1_301' title='bbox 281 3773 348 3837; x_wconf 77' lang='lat' dir='ltr'><strong>teges</strong></span> <span class='ocrx_word' id='word_1_302' title='bbox 359 3777 489 3839; x_wconf 77' lang='lat' dir='ltr'><strong>iniquas.»</strong></span> <span class='ocrx_word' id='word_1_303' title='bbox 498 3777 565 3824; x_wconf 87' lang='lat' dir='ltr'><strong>llaec</strong></span> <span class='ocrx_word' id='word_1_304' title='bbox 573 3774 674 3837; x_wconf 90' lang='lat' dir='ltr'><strong>quidem</strong></span> <span class='ocrx_word' id='word_1_305' title='bbox 684 3774 851 3835; x_wconf 81' lang='lat' dir='ltr'><strong>Melambion,</strong></span> <span class='ocrx_word' id='word_1_306' title='bbox 862 3785 927 3835; x_wconf 88' lang='lat' dir='ltr'><strong>quae</strong></span> <span class='ocrx_word' id='word_1_307' title='bbox 937 3770 1040 3820; x_wconf 87' lang='lat' dir='ltr'><strong>mirifice</strong></span> <span class='ocrx_word' id='word_1_308' title='bbox 1048 3769 1175 3833; x_wconf 86' lang='lat' dir='ltr'><strong>quadrant</strong></span> <span class='ocrx_word' id='word_1_309' title='bbox 1183 3771 1209 3820; x_wconf 89' lang='lat' dir='ltr'><strong>in</strong></span> <span class='ocrx_word' id='word_1_310' title='bbox 1219 3770 1275 3833; x_wconf 85' lang='lat' dir='ltr'><strong>legi·</strong></span> 
     </span>
     <span class='ocr_line' id='line_1_35' title="bbox 156 3851 1271 3918; baseline -0.001 -16"><span class='ocrx_word' id='word_1_311' title='bbox 156 3852 221 3903; x_wconf 89' lang='lat' dir='ltr'><strong>leros</strong></span> <span class='ocrx_word' id='word_1_312' title='bbox 238 3856 344 3904; x_wconf 89' lang='lat' dir='ltr'><strong>nostros.</strong></span> <span class='ocrx_word' id='word_1_313' title='bbox 358 3857 472 3918; x_wconf 83' lang='lat' dir='ltr'><strong>operam</strong></span> <span class='ocrx_word' id='word_1_314' title='bbox 488 3854 626 3904; x_wconf 85' lang='lat' dir='ltr'><strong>reverendi</strong></span> <span class='ocrx_word' id='word_1_315' title='bbox 637 3853 755 3918; x_wconf 71' lang='lat' dir='ltr'><strong>Philippi</strong></span> <span class='ocrx_word' id='word_1_316' title='bbox 766 3852 957 3903; x_wconf 80' lang='lat' dir='ltr'><strong>Melanclttonis</strong></span> <span class='ocrx_word' id='word_1_317' title='bbox 973 3865 1030 3914; x_wconf 82' lang='lat' dir='ltr'><strong>pars</strong></span> <span class='ocrx_word' id='word_1_318' title='bbox 1043 3851 1160 3901; x_wconf 87' lang='lat' dir='ltr'><strong>secunda.</strong></span> <span class='ocrx_word' id='word_1_319' title='bbox 1170 3851 1271 3902; x_wconf 76' lang='lat' dir='ltr'><strong>vitten-</strong></span> 
     </span>
     <span class='ocr_line' id='line_1_36' title="bbox 158 3931 1274 3999; baseline -0.002 -15"><span class='ocrx_word' id='word_1_320' title='bbox 158 3933 245 3998; x_wconf 87' lang='lat' dir='ltr'><strong>ltergae</strong></span> <span class='ocrx_word' id='word_1_321' title='bbox 261 3942 327 3986; x_wconf 79' lang='lat'>1562.</span> <span class='ocrx_word' id='word_1_322' title='bbox 340 3935 366 3983; x_wconf 92' lang='lat' dir='ltr'><strong>in</strong></span> <span class='ocrx_word' id='word_1_323' title='bbox 375 3948 459 3999; x_wconf 90' lang='lat' dir='ltr'><strong>opusc.</strong></span> <span class='ocrx_word' id='word_1_324' title='bbox 472 3933 595 3996; x_wconf 79' lang='lat' dir='ltr'><strong>Defensio</strong></span> <span class='ocrx_word' id='word_1_325' title='bbox 613 3937 729 3998; x_wconf 72' lang='lat' dir='ltr'><strong>coniugii</strong></span> <span class='ocrx_word' id='word_1_326' title='bbox 746 3933 914 3985; x_wconf 83' lang='lat' dir='ltr'><strong>sacerdotum</strong></span> <span class='ocrx_word' id='word_1_327' title='bbox 928 3935 1009 3983; x_wconf 64' lang='lat' dir='ltr'><strong>musa</strong></span> <span class='ocrx_word' id='word_1_328' title='bbox 1018 3931 1055 3982; x_wconf 88' lang='lat' dir='ltr'><strong>ad</strong></span> <span class='ocrx_word' id='word_1_329' title='bbox 1065 3944 1154 3996; x_wconf 79' lang='lat' dir='ltr'><strong>regem</strong></span> <span class='ocrx_word' id='word_1_330' title='bbox 1164 3931 1274 3995; x_wconf 64' lang='lat' dir='ltr'><strong>angliae</strong></span> 
     </span>
     <span class='ocr_line' id='line_1_37' title="bbox 157 4014 525 4078; baseline -0.003 -14"><span class='ocrx_word' id='word_1_331' title='bbox 157 4026 212 4078; x_wconf 84' lang='lat' dir='ltr'><strong>pag.</strong></span> <span class='ocrx_word' id='word_1_332' title='bbox 228 4019 280 4066; x_wconf 84' lang='grc'>179.</span> <span class='ocrx_word' id='word_1_333' title='bbox 294 4018 397 4072; x_wconf 78' lang='lat' dir='ltr'><strong>Quarta</strong></span> <span class='ocrx_word' id='word_1_334' title='bbox 407 4014 525 4064; x_wconf 83' lang='lat' dir='ltr'><strong>obiectio.</strong></span> 
     </span>
    </p>

    <p class='ocr_par' dir='ltr' id='par_1_6' title="bbox 156 4088 1274 4401">
     <span class='ocr_line' id='line_1_38' title="bbox 231 4088 1274 4158; baseline -0.003 -14"><span class='ocrx_word' id='word_1_335' title='bbox 231 4096 312 4158; x_wconf 82' lang='lat' dir='ltr'><strong>Atque</strong></span> <span class='ocrx_word' id='word_1_336' title='bbox 323 4095 364 4145; x_wconf 89' lang='lat' dir='ltr'><strong>hic</strong></span> <span class='ocrx_word' id='word_1_337' title='bbox 375 4095 454 4145; x_wconf 87' lang='lat' dir='ltr'><strong>obiter</strong></span> <span class='ocrx_word' id='word_1_338' title='bbox 466 4094 559 4144; x_wconf 87' lang='lat' dir='ltr'><strong>adnoto</strong></span> <span class='ocrx_word' id='word_1_339' title='bbox 567 4095 763 4146; x_wconf 84' lang='lat' dir='ltr'><strong>lielenchtonem</strong></span> <span class='ocrx_word' id='word_1_340' title='bbox 773 4109 818 4158; x_wconf 87' lang='lat' dir='ltr'><strong>pro</strong></span> <span class='ocrx_word' id='word_1_341' title='bbox 829 4095 897 4144; x_wconf 89' lang='lat' dir='ltr'><strong>certo</strong></span> <span class='ocrx_word' id='word_1_342' title='bbox 909 4092 1038 4143; x_wconf 87' lang='lat' dir='ltr'><strong>admittere</strong></span> <span class='ocrx_word' id='word_1_343' title='bbox 1047 4091 1235 4143; x_wconf 86' lang='lat' dir='ltr'><strong>matrimonium</strong></span> <span class='ocrx_word' id='word_1_344' title='bbox 1243 4088 1274 4141; x_wconf 82' lang='lat' dir='ltr'><strong>ad</strong></span> 
     </span>
     <span class='ocr_line' id='line_1_39' title="bbox 156 4172 1270 4239; baseline -0.002 -16"><span class='ocrx_word' id='word_1_345' title='bbox 156 4187 195 4224; x_wconf 89' lang='lat' dir='ltr'><strong>res</strong></span> <span class='ocrx_word' id='word_1_346' title='bbox 207 4175 320 4238; x_wconf 88' lang='lat' dir='ltr'><strong>politicas</strong></span> <span class='ocrx_word' id='word_1_347' title='bbox 330 4177 451 4239; x_wconf 83' lang='lat' dir='ltr'><strong>pertinere</strong></span> <span class='ocrx_word' id='word_1_348' title='bbox 462 4189 518 4225; x_wconf 91' lang='lat' dir='ltr'><strong>cum</strong></span> <span class='ocrx_word' id='word_1_349' title='bbox 530 4175 643 4238; x_wconf 89' lang='lat' dir='ltr'><strong>pluribus</strong></span> <span class='ocrx_word' id='word_1_350' title='bbox 654 4176 710 4226; x_wconf 92' lang='lat' dir='ltr'><strong>aliis</strong></span> <span class='ocrx_word' id='word_1_351' title='bbox 722 4177 808 4226; x_wconf 84' lang='lat' dir='ltr'><strong>aetatis</strong></span> <span class='ocrx_word' id='word_1_352' title='bbox 821 4177 890 4225; x_wconf 89' lang='lat' dir='ltr'><strong>illius</strong></span> <span class='ocrx_word' id='word_1_353' title='bbox 900 4173 1107 4238; x_wconf 86' lang='lat' dir='ltr'><strong>protestantibus,</strong></span> <span class='ocrx_word' id='word_1_354' title='bbox 1120 4172 1167 4224; x_wconf 89' lang='lat' dir='ltr'><strong>etsi</strong></span> <span class='ocrx_word' id='word_1_355' title='bbox 1177 4172 1219 4223; x_wconf 86' lang='lat' dir='ltr'><strong>alii</strong></span> <span class='ocrx_word' id='word_1_356' title='bbox 1237 4185 1270 4221; x_wconf 90' lang='lat' dir='ltr'><strong>rc·</strong></span> 
     </span>
     <span class='ocr_line' id='line_1_40' title="bbox 157 4251 1270 4319; baseline -0.002 -17"><span class='ocrx_word' id='word_1_357' title='bbox 157 4257 278 4317; x_wconf 87' lang='lat' dir='ltr'><strong>pugnent,</strong></span> <span class='ocrx_word' id='word_1_358' title='bbox 291 4258 318 4306; x_wconf 89' lang='lat' dir='ltr'><strong>ut</strong></span> <span class='ocrx_word' id='word_1_359' title='bbox 329 4255 476 4317; x_wconf 85' lang='lat' dir='ltr'><strong>videbimus,</strong></span> <span class='ocrx_word' id='word_1_360' title='bbox 487 4258 512 4305; x_wconf 91' lang='lat' dir='ltr'><strong>et</strong></span> <span class='ocrx_word' id='word_1_361' title='bbox 521 4256 593 4307; x_wconf 88' lang='lat' dir='ltr'><strong>rebus</strong></span> <span class='ocrx_word' id='word_1_362' title='bbox 603 4257 678 4308; x_wconf 90' lang='lat' dir='ltr'><strong>sacris</strong></span> <span class='ocrx_word' id='word_1_363' title='bbox 689 4257 859 4307; x_wconf 81' lang='lat' dir='ltr'><strong>adnumerant.</strong></span> <span class='ocrx_word' id='word_1_364' title='bbox 868 4256 990 4306; x_wconf 88' lang='lat' dir='ltr'><strong>Nimirum</strong></span> <span class='ocrx_word' id='word_1_365' title='bbox 1002 4267 1100 4319; x_wconf 89' lang='lat' dir='ltr'><strong>semper</strong></span> <span class='ocrx_word' id='word_1_366' title='bbox 1109 4253 1227 4319; x_wconf 89' lang='lat' dir='ltr'><strong>ancipites</strong></span> <span class='ocrx_word' id='word_1_367' title='bbox 1235 4251 1270 4302; x_wconf 90' lang='lat' dir='ltr'><strong>lu·</strong></span> 
     </span>
     <span class='ocr_line' id='line_1_41' title="bbox 157 4335 534 4401; baseline 0.003 -17"><span class='ocrx_word' id='word_1_368' title='bbox 157 4335 229 4400; x_wconf 80' lang='lat' dir='ltr'><strong>eruut</strong></span> <span class='ocrx_word' id='word_1_369' title='bbox 239 4335 285 4386; x_wconf 85' lang='lat' dir='ltr'><strong>bac</strong></span> <span class='ocrx_word' id='word_1_370' title='bbox 292 4335 318 4387; x_wconf 88' lang='lat' dir='ltr'><strong>in</strong></span> <span class='ocrx_word' id='word_1_371' title='bbox 330 4349 356 4387; x_wconf 89' lang='lat' dir='ltr'><strong>re</strong></span> <span class='ocrx_word' id='word_1_372' title='bbox 365 4336 534 4401; x_wconf 85' lang='lat' dir='ltr'><strong>protestantes.</strong></span> 
     </span>
    </p>
   </div>
   <div class='ocr_carea' id='block_1_5' title="bbox 0 0 1440 5062">
    <p class='ocr_par' dir='ltr' id='par_1_7' title="bbox 0 0 1440 5062">
     <span class='ocr_line' id='line_1_42' title="bbox 0 0 1440 5062; baseline 0 2"><span class='ocrx_word' id='word_1_373' title='bbox 0 0 1440 5062; x_wconf 95' lang='lat' dir='ltr'><strong> </strong></span> 
     </span>
    </p>
   </div>
  </div>
 </body>
</html>
