2872 5062
340 390 407 438 ctr.
425 390 447 439 ι.
466 389 505 437 nr
523 388 654 437 urrais.
672 386 783 436 civius
800 387 935 436 virum.
953 387 1024 435 aar.
1037 388 1068 434 v.
1196 365 1263 434 249

160 557 164 560 -
237 509 344 595 Quem
377 521 547 606 praeterea
577 503 789 577 instillabant
817 527 956 575 sensum
986 527 1066 598 erga
1099 501 1270 600 publicam

158 622 385 696 auctoritatem
416 619 495 690 filiis
513 619 622 714 suis,
656 619 714 716 qui
742 618 788 689 ita
815 633 894 690 sunt
916 617 1029 688 animo
1054 617 1270 715 comparati?

156 738 207 810 De
230 735 393 833 obsequio
413 750 446 807 et
466 739 579 806 amore
599 732 648 803 nil
668 749 738 818 est,
763 732 851 831 quod
871 732 1039 817 dicamus,
1066 732 1126 804 sed
1146 759 1186 805 ea
1207 759 1267 832 po-

159 853 227 926 tius
251 850 414 950 principia
440 848 638 922 subversiva
663 847 833 919 societatis
854 873 912 920 eos
933 846 1114 931 docebunt,
1143 847 1267 947 quilius

158 967 293 1067 ipsimet
325 964 442 1036 imbuti
470 980 573 1049 sunt,
601 963 822 1036 execrationis
848 980 882 1036 et
906 962 974 1034 odii
1001 961 1161 1035 adversus
1185 963 1264 1050 cos,

157 1108 242 1183 quos
265 1081 332 1179 ipsi
352 1085 471 1153 vocant
489 1094 648 1177 tyrannos
666 1094 700 1150 et
716 1103 945 1177 oppressores.
963 1076 1010 1149 Ac
1031 1076 1079 1147 ita
1096 1076 1272 1174 paullatim

159 1198 235 1283 liet,
268 1210 304 1268 ut
329 1196 372 1268 de
396 1195 612 1292 generatione
635 1194 670 1264 in
696 1193 962 1290 generationem,
990 1191 1092 1264 veluti
1120 1193 1267 1291 quadam

158 1309 362 1383 traditionali
379 1310 448 1395 via,
464 1309 512 1381 ita
531 1307 698 1406 principia
714 1306 774 1378 illa
792 1312 1016 1406 propagentur
1032 1332 1071 1378 ac
1088 1305 1269 1380 dilatentur

158 1425 266 1521 magis
280 1450 319 1496 ac
338 1424 458 1519 magis.
475 1423 604 1495 Exinde
625 1421 789 1519 originem
802 1421 927 1493 habent
939 1436 987 1493 tot
1000 1421 1193 1517 demagcgi,
1210 1423 1267 1519 qui

158 1539 292 1612 aluntur
317 1552 350 1611 et
377 1553 532 1610 crescunt
557 1537 592 1628 ip
617 1536 800 1634 perniciem
835 1535 1042 1609 auctoritatis
1078 1535 1266 1632 legitimae,

158 1681 197 1726 ac
222 1668 398 1753 propterea
423 1654 457 1724 in
483 1651 738 1725 dissolutionem
764 1652 873 1751 ipsius
901 1651 1081 1723 societatis.

228 1769 348 1841 Verum
372 1794 438 1841 non
464 1767 576 1840 minus
600 1767 705 1841 solide
728 1767 819 1865 quod
845 1767 1081 1867 proposuimus
1107 1767 1270 1840 evincitur

158 1913 198 1958 ex
222 1883 360 1956 effraeni
385 1909 514 1956 morum
536 1883 693 1968 licentia,
722 1908 823 1981 quam
849 1883 1024 1982 provenire
1049 1909 1089 1954 ex
1113 1882 1269 1955 civilibus

159 1999 326 2095 coniugiis
343 2023 482 2072 necesse
498 2013 561 2071 est.
583 1998 667 2069 Heio
679 1997 841 2094 explorati
856 1997 1014 2097 principii
1032 1997 1266 2084 locoassumn,

159 2142 228 2189 rem
254 2114 445 2213 politicam,
474 2140 532 2186 seu
560 2115 751 2186 societatem
769 2139 810 2185 ao
828 2112 957 2185 firmius
976 2112 1180 2198 consistere,
1202 2141 1270 2212 quo

158 2230 267 2326 magis
290 2229 382 2301 cives
407 2227 539 2301 honesti
567 2243 645 2299 sunt
665 2252 705 2299 ac
726 2226 845 2324 probi,
874 2252 942 2324 quo
968 2227 1154 2299 accuratius
1179 2226 1271 2325 leges

159 2357 319 2428 servant,
343 2369 402 2414 seu
428 2368 496 2441 quo
520 2341 736 2415 ferventiores
758 2340 935 2412 christiani
953 2367 1029 2414 esse
1050 2341 1197 2413 student.
1219 2341 1270 2413 Ab

159 2456 332 2543 omnibus,
348 2456 408 2555 qui
420 2456 463 2528 de
475 2483 511 2529 re
525 2455 660 2555 politica
673 2456 901 2555 scripserunt,
926 2457 999 2528 sive
1018 2456 1060 2528 de
1082 2457 1269 2530 constantia

160 2572 325 2670 cuiusque
349 2571 475 2668 gentis,
502 2576 574 2645 sive
592 2572 635 2643 de
654 2572 781 2668 magis,
807 2586 865 2643 aut
887 2572 998 2643 minus
1025 2573 1176 2671 proxima
1197 2573 1276 2645 eius*

159 2686 382 2760 dissolutione
398 2712 438 2759 ac
455 2687 572 2771 ruina,
598 2686 759 2759 indicium
786 2713 920 2786 semper
940 2687 1062 2785 petitur
1087 2703 1213 2761 certum
1231 2715 1271 2760 ex

161 2825 291 2872 morum
314 2803 510 2900 praesertim
536 2802 744 2901 publicorum
772 2803 965 2888 honestate,
994 2820 1052 2875 aut
1080 2805 1242 2902 pravitate
1260 2835 1275 2889 ‚·

161 2939 251 3013 quae
276 2915 364 3012 apud
389 2916 479 2988 cives
505 2916 683 3014 praevalet.
707 2917 770 2990 Ubi
795 2918 884 2990 enim
903 2918 1047 3014 viguerit
1069 2918 1202 3014 religio,
1223 2917 1271 2989 le·

160 3055 239 3124 gum
261 3031 413 3104 custodia
435 3045 467 3103 et
485 3057 596 3118 amor;
611 3031 669 3104 ubi
692 3034 976 3132 perseveraverint
993 3033 1103 3106 avitae
1120 3031 1274 3105 traditio-

160 3169 218 3216 nes
239 3144 473 3232 intemeratae,
489 3172 529 3219 ac
542 3146 683 3244 proinde
701 3147 835 3247 publica
859 3173 989 3219 morum
1016 3146 1192 3232 honestas,
1214 3145 1271 3219 hic

160 3259 305 3359 populus
317 3259 414 3334 fortis
426 3261 628 3361 validusque
643 3279 814 3351 censetur,
830 3263 898 3335 vita
916 3288 955 3335 ac
974 3263 1086 3359 vigore
1104 3278 1267 3360 praestat,

160 3400 219 3447 nec
243 3373 347 3446 habet
366 3375 410 3449 ab
432 3377 578 3449 externis
604 3377 694 3476 quod
719 3378 816 3451 valde
841 3379 973 3464 timeat;
995 3404 1035 3451 ex
1053 3378 1155 3452 tetius
1181 3379 1270 3451 enirn

159 3488 383 3564 multitudinis
408 3493 655 3590 conspiratione
679 3521 767 3566 unus
786 3495 888 3567 homo
910 3493 1099 3567 coalescere
1123 3493 1276 3567 videtum

159 3601 280 3676 Contra
304 3629 383 3678 vero
406 3605 464 3677 ubi
490 3607 634 3705 populus
657 3607 699 3679 ab
721 3608 873 3682 instituto
894 3609 1092 3694 desciverit,
1122 3635 1161 3682 ac
1186 3610 1274 3682 inter?

158 3851 227 3901 vivre
234 3865 294 3912 sous
303 3853 442 3904 l’inssuance
451 3855 483 3905 de
493 3858 556 3908 cette
566 3869 697 3919 crcvance,
711 3857 817 3908 suscitet
827 3857 975 3910 leoesororc
989 3862 1070 3910 rentrc
1083 3857 1145 3909 dans
1154 3858 1272 3909 l’honrrnc

158 3933 181 3980 et
196 3931 260 3983 dans
275 3932 301 3982 la
317 3933 407 3993 secieto
422 3934 466 3986 dee
482 3937 656 3989 hommes-La
667 3937 740 3988 chuta
757 3937 789 3988 de
802 3939 925 3991 l’autorite
942 3938 1003 3990 dans
1020 3937 1270 4000 l‘crdrenurnaturcl,

158 4013 266 4067 madae
274 4012 802 4073 amilamando1‘aotoritcdansl’ordre
817 4017 904 4068 want.
912 4017 1040 4071 L'llcmmc
1050 4018 1090 4069 n’a
1099 4017 1155 4081 plus
1166 4016 1272 4071 decelnrs

159 4091 178 4142 lc
191 4093 260 4145 drclt
276 4107 320 4144 sur
336 4095 468 4159 l'licmrncc
477 4099 503 4149 ct
513 4099 551 4149 n’il
561 4100 585 4149 le
596 4099 709 4163 domine,
719 4113 750 4163 ce
761 4114 793 4152 ne
804 4104 862 4164 peut
871 4103 923 4153 atre
932 4115 980 4164 qva
990 4101 1155 4164 perlatores.
1169 4099 1271 4151 calleci

157 4168 207 4223 tait
213 4172 418 4245 necdeuirernent
423 4175 524 4226 devenir
533 4178 678 4241 tyrannique
687 4182 712 4228 at
721 4179 829 4237 violarite
837 4194 898 4244 pour
909 4178 1220 4242 canuit-unemundus,
1227 4179 1270 4242 qul

161 4249 261 4313 clephis
270 4250 363 4314 d'clrjet
372 4255 462 4314 moral,
476 4257 500 4313 ct
511 4269 561 4318 quc
574 4269 640 4314 cesse
650 4257 727 4308 dana
738 4259 898 4309 romairo.»
911 4262 969 4322 Peg.
980 4262 1112 4316 {cauam
1123 4259 1273 4310 meditentur

161 4331 364 4394 pseudo-politici.
415 4363 418 4371 ·
709 4374 746 4393 ,,
790 4374 793 4390 2
834 4386 837 4391 ,
877 4372 888 4386 .,
1130 4356 1133 4369 2
1186 4372 1220 4383 ..
