2872 5062
158 307 225 376 itii
361 328 422 378 ma.
445 328 467 377 1.
489 326 575 377 secr.
598 326 783 376 iuremus
801 327 1058 379 unanimorum.

646 533 684 631 a.
715 533 766 606 ιν.

177 719 349 784 separabilitas
360 722 499 777 mutuantur
508 733 523 770 a
531 722 683 771 monumento
693 732 722 770 ac
732 719 857 771 distinctio
868 720 1018 771 Matrimonii
1035 721 1136 785 legitimi
1147 722 1173 773 et
1183 720 1241 774 rati.

228 891 338 986 Longe
350 889 468 963 maiori
483 889 666 975 modestia,
682 912 721 960 ao
733 887 862 960 meliori
875 887 1019 961 artificio
1031 913 1092 986 pro
1105 886 1179 985 lege
1191 888 1266 962 dis-

157 1005 260 1076 seruit
273 1019 402 1090 orator,
419 1004 478 1103 qui
492 1004 594 1076 huius
607 1028 728 1077 causae
742 1003 777 1074 in
791 1018 910 1077 senatu
927 1004 1048 1075 relator
1066 1003 1129 1076 luit
1145 1004 1261 1099 (107).

157 1119 238 1191 llius
263 1118 461 1217 disceptatio
486 1117 688 1216 peculiarem
709 1133 853 1189 meretur
877 1115 1137 1190 discussionem.

229 1231 433 1305 Sententiam
451 1231 525 1331 ipse
542 1245 688 1303 sectatur
704 1229 947 1304 divisibilitatis
965 1245 1155 1303 contractus
1172 1256 1193 1302 a
1210 1255 1267 1303 sa·

158 1363 344 1436 crameuto,
364 1363 467 1446 atque
478 1347 576 1438 ⁴ultro
594 1345 760 1433 concedit,
776 1345 866 1445 quod
880 1347 1038 1420 siveram
1055 1361 1146 1419 esset
1161 1371 1268 1444 penes

157 1461 340 1534 catholicos
362 1460 490 1554 nullum
515 1459 632 1532 haberi
655 1460 904 1533 matrimonium
921 1458 1071 1532 validam
1087 1458 1157 1533 uisi
1175 1458 1268 1558 quod

159 1578 194 1647 in
216 1577 301 1649 lacie
328 1575 488 1648 ecclesiae
513 1573 718 1661 celebratur,
740 1573 792 1647 lex
815 1574 1018 1647 matrimonii
1040 1573 1152 1648 civilis
1177 1589 1271 1648 esset

159 1691 258 1789 plane
278 1691 527 1764 anticatholica.

232 1805 312 1892 Ast,
340 1831 456 1879 verum
484 1832 526 1878 ne
550 1821 626 1893 est,
655 1806 789 1905 inquit,
815 1806 1020 1902 connubium
1046 1807 1133 1879 inter
1153 1805 1274 1879 catho-

161 1922 246 1994 licos
270 1948 291 1993 a
316 1937 524 1994 sacramento
550 1921 700 2020 separari
721 1946 789 1994 uon
814 1919 946 2035 possel

232 2036 442 2111 Connubium
460 2054 512 2110 est
528 2052 729 2110 contractus.
747 2036 920 2123 Quomodo
934 2035 1037 2133 igitur
1045 2046 1109 2136 'per
1121 2036 1270 2110 evectio-

162 2181 237 2226 nem
271 2153 373 2226 huius
398 2168 587 2227 contractus
612 2153 656 2226 ad
680 2152 877 2250 dignitatem
911 2151 1111 2224 sacramenti
1144 2151 1270 2224 lactum

161 2284 236 2354 est,
268 2284 305 2339 ut
325 2267 559 2365 inseparabilia
584 2266 727 2340 evaserit
750 2292 772 2339 a
794 2281 1025 2352 sacramento,
1054 2290 1094 2338 ac
1115 2265 1272 2338 sublatus

164 2385 263 2457 luerit
288 2410 308 2456 a
333 2399 497 2483 potestate
518 2381 641 2456 oiviiii
1175 2481 1180 2491 ἢ

235 2500 277 2570 Ut
301 2497 534 2571 ostenderetur
557 2497 814 2597 inseparabilem
838 2522 915 2570 esse
940 2512 1145 2570 contractum
1171 2523 1192 2570 a
1215 2522 1274 2570 sa·

167 2629 353 2699 eramento,
375 2637 515 2686 neeesse
531 2627 620 2685 esset
637 2610 829 2698 ostendere,
845 2625 903 2684 ant
915 2611 962 2684 ita
974 2609 1142 2710 placuisse
1157 2610 1274 2685 divino

168 2729 374 2814 lustitutoni,
399 2743 456 2800 aut
474 2728 521 2799 ita
544 2727 712 2827 postulare
737 2728 785 2800 rei
809 2743 982 2813 naturam,
1002 2743 1060 2800 aut
1076 2727 1178 2799 talem
1195 2753 1275 2800 esse

122 2849 135 2864 '
165 2840 389 2914 universalem
415 2840 579 2914 ecclesiae
604 2841 808 2938 doctrinam,
830 2841 884 2913 sin
902 2841 1014 2914 miuus
1030 2840 1269 2938 dogmaticam,

166 2957 418 3056 disciplinarem
444 2955 561 3033 saltem
587 2955 881 3029 fundamentalem.

239 3074 308 3144 lam
332 3098 411 3145 vero
435 3073 469 3142 i.
486 3070 640 3144 Christus
665 3070 771 3145 noluit
793 3070 827 3142 id
850 3071 939 3170 quod
962 3070 1133 3170 spectabat
1150 3071 1192 3144 ad
1211 3071 1273 3144 do-

166 3187 306 3259 minium
331 3186 429 3260 civile
454 3184 581 3259 devolvi
600 3184 644 3258 ad
666 3185 861 3272 ecclesiam;
883 3186 965 3285 quin
983 3185 1097 3285 potins
1114 3185 1222 3260 voluit
1237 3201 1275 3258 ut

166 3301 304 3373 Caesari
330 3300 566 3387 redderentur,
587 3326 675 3399 quae
699 3316 777 3374 sunt
793 3301 962 3375 Caesaris.
987 3301 1142 3375 Christus
1168 3302 1278 3375 noluit

169 3415 357 3488 annihilare
382 3442 442 3489 seu
470 3416 642 3490 destruere
667 3432 898 3505 contractum,
929 3416 990 3491 sed
1015 3417 1062 3488 int
1076 3415 1276 3491 nobiliorem

169 3545 296 3602 tantum
314 3529 465 3603 ordinem
485 3529 608 3603 retulit.
627 3531 787 3604 Remanet
807 3532 909 3628 igitur
932 3545 1137 3618 contractum
1167 3552 1277 3604 rema·

170 3662 226 3717 net
242 3671 321 3742 ergo
337 3660 453 3744 utpote
473 3646 562 3733 talis,
586 3646 773 3720 auctoritati
792 3646 881 3720 civili
903 3646 1087 3733 obnoxius,
1107 3661 1146 3720 ut
1163 3646 1276 3745 quivis

171 3761 259 3832 alius
278 3775 479 3833 contractus.

245 3878 277 3946 i.
309 3876 367 3947 liei
393 3891 529 3961 natura,
551 3875 585 3947 id
604 3892 655 3949 est
671 3876 798 3949 eventio
817 3891 1007 3950 contractus
1025 3875 1067 3948 ad
1087 3900 1278 3948 sacramen-

172 4005 242 4085 tum
255 3989 346 4061 baud
365 3991 518 4063 immutat
535 3989 686 4063 ordinem
705 3989 959 4063 iurisdictionis.
978 3990 1175 4063 Coniunctio
1188 3989 1275 4062 euim

244 4176 309 4238 (toi)
318 4176 362 4226 iiic
370 4176 738 4241 iuitDynastesDeiiiargherita.
747 4178 771 4225 is
778 4188 827 4225 non
835 4175 870 4225 iia
876 4174 971 4238 pridem
978 4176 1019 4239 pie
1028 4173 1203 4238 obiii,etpriua
1211 4185 1279 4237 quae

171 4268 277 4318 eumque
288 4269 331 4318 pro
344 4257 396 4318 iege
407 4256 516 4320 dixerat,
529 4256 739 4309 retractavitvid.
748 4255 847 4307 diotiirt
855 4252 986 4306 Ontioiico
997 4261 1018 4306 t.
1028 4253 1129 4306 sabbalo
1140 4257 1203 4306 lior.
1214 4260 1278 4305 itta.
