2872 5062
158 350 227 421 118
357 370 418 421 trs.
439 369 463 421 r.
483 367 570 420 sncr.
591 368 1048 422 innumerosissimae.
1122 419 1125 422 .

158 486 307 561 secunda
319 512 339 560 a
351 485 466 560 liberis
480 486 634 585 persenis
647 484 792 582 legitime
804 486 886 558 initu
900 485 1024 584 recepit
1036 509 1169 584 semper
1186 500 1262 586 pro-

157 601 316 700 bavitque
333 599 474 673 ecclesia
492 615 661 698 tamquam
679 623 757 672 vera
774 613 807 670 et
823 598 1016 678 indubitata
1033 615 1261 688 sacramenta,

158 733 195 791 ut
204 717 293 790 idem
307 715 454 816 loquitur·
465 731 580 789 auctor
591 717 680 810 (26);
694 740 755 788 nec
764 715 943 814 quisquam
952 714 1189 792 catholicorum
1200 714 1264 787 boe

157 833 192 905 in
206 832 346 905 dubium
359 831 534 906 revocavit.
546 831 667 929 Nequit
683 827 785 927 igitur
797 829 880 904 baec
892 819 1080 903 benedictio
1092 829 1127 901 in
1140 828 1266 903 rituali-

156 946 221 1021 bus
247 946 477 1046 praescripta,
504 970 673 1045 quamque
696 960 825 1018 veteres
849 959 1126 1031 commemorant,
1148 943 1264 1021 haberi

157 1076 195 1133 ut
211 1085 290 1159 pars
306 1058 499 1132 essentialis
525 1059 723 1133 sacramenti
749 1058 967 1146 matrimonii,
988 1057 1202 1158 neque'trabi
1220 1056 1264 1131 ad

158 1199 228 1247 rem
260 1200 356 1248 suam
381 1172 424 1247 ab
449 1173 523 1261 his,
551 1174 610 1273 qni
637 1172 842 1248 contendunt
867 1172 1073 1246 sacerdotem
1097 1189 1267 1272 tamquam

158 1290 261 1364 buius
286 1288 483 1362 sacramenti
508 1289 717 1377 ministrum,
739 1304 875 1388 propter
890 1313 964 1362 eam
981 1288 1280 1375 benedictionem,·

159 1403 410 1477 babendum‘et
434 1402 682 1499 agnoscendum
707 1428 795 1476 esse.

233 1518 356 1593 luserit
379 1517 512 1590 demum
541 1516 810 1616 disquisitionem
835 1516 923 1591 banc
947 1517 1059 1592 verbis
1091 1516 1266 1591 absolvere

159 1632 378 1708 eruditissimi
396 1631 471 1720 viri,
492 1651 593 1732 quem
618 1632 756 1732 saepius
781 1632 1010 1720 laudavimus,
1033 1632 1162 1708 scilicet
1186 1633 1269 1707 llar-

160 1748 261 1838 tenii,
281 1747 341 1849 qui
359 1748 506 1820 reserens
523 1747 699 1835 rationem,
720 1774 788 1848 qua
805 1747 966 1822 celebrari
983 1748 1176 1845 coniugium
1192 1773 1269 1821 con-

160 1865 293 1951 suevit,
320 1862 461 1938 scribit:
489 1862 711 1937 «Constituto
735 1865 779 1936 ad
804 1863 1022 1938 celebrandas
1051 1864 1186 1963 nuptias
1212 1861 1269 1936 die

160 1979 374 2066 adveniente,
402 2003 548 2078 sponsus
572 1995 606 2052 et
630 2003 754 2078 sponsa
778 1978 1039 2053 benedicendis
1056 1978 1266 2078 parentibus,

161 2111 219 2169 aut
231 2093 475 2194 paranymphis
488 2092 694 2168 sistebantur
706 2093 870 2168 sacerdoti
879 2094 922 2166 ad
933 2109 1048 2193 portas
1057 2093 1264 2167 ecclesiae...

160 2208 301 2297 Deinde,
315 2207 405 2284 datis
424 2208 489 2283 sibi
508 2224 622 2283 mutuo
639 2208 778 2296 dextris,
794 2207 948 2306 exigebat
963 2208 1008 2284 ab
1024 2209 1176 2308 utrisque
1189 2234 1270 2283 con·

161 2351 319 2411 sensum,
347 2323 383 2396 in
408 2349 476 2424 que
500 2340 603 2399 tetam
628 2324 827 2398 sacramenti
853 2313 1056 2398 matrimonii
1086 2324 1269 2397 essentiam

161 2438 365 2543 reponebant
388 2439 529 2538 antiqui.
555 2438 709 2513 lnaudita
734 2440 861 2540 quippe
885 2438 976 2538 apud
1002 2465 1060 2513 eos
1085 2454 1180 2512 erant
1209 2437 1269 2512 illa

160 2554 262 2633 terbn
293 2554 452 2654 parochi:
479 2554 551 2652 Epo
582 2581 639 2628 eos
670 2557 827 2652 coniunqc
852 2555 888 2627 in
915 2556 1041 2626 nomine
1055 2554 1179 2626 ,Putris
1204 2568 1266 2626 ctc.

163 2670 198 2743 in
231 2667 355 2769 quibus
387 2668 492 2768 aliqui
529 2694 570 2763 ex
606 2669 846 2744 recentioribus
881 2669 1093 2744 scholasticis
1130 2669 1271 2743 formam

162 2783 266 2857 huius
286 2784 483 2856 sacramenti
501 2784 727 2871 constituunt,
748 2810 836 2882 quae
854 2794 964 2858 tamen
982 2783 1219 2857 desiderantur
1235 2784 1270 2857 in

162 2898 295 2972 duobus
321 2898 472 2997 antiquis
499 2898 676 2973 ritualibus
696 2924 780 2972 mss.
799 2898 977 2995 beccensis
997 2898 1211 2986 monasterii,
1235 2899 1271 2971 in

162 3012 346 3112 pontificali
360 3011 529 3086 rhemensi
543 3039 706 3087 annerum
721 3015 818 3100 300.;
832 3012 868 3084 in
882 3013 1019 3113 antiquo
1031 3012 1142 3086 rituali
1156 3011 1271 3086 bituri·

161 3129 253 3203 censi
273 3129 358 3203 etin
381 3127 458 3202 aliis
483 3155 569 3229 pene
594 3128 769 3216 omnibus,
789 3154 877 3228 quae
893 3155 913 3201 a
930 3127 1028 3202 nobis
1046 3142 1162 3227 postea
1178 3127 1272 3201 exbi-

162 3243 346 3318 bebuntur:
374 3241 499 3343 quibus
524 3242 705 3341 adiungere
731 3268 908 3343 possemus
932 3242 1184 3331 constitutiones
1214 3241 1273 3315 lti-

163 3357 280 3433 cbardi
293 3358 444 3457 episcopi
454 3359 572 3433 Sarum
589 3361 664 3455 (an.
681 3360 784 3432 1217.
798 3359 907 3433 editae
916 3363 1080 3458 capbb.)
1096 3359 1270 3460 inquibus

162 3473 248 3547 baec
271 3472 366 3572 lego:
385 3474 473 3547 Item.
486 3477 707 3573 praecipimus
731 3475 816 3572 quod
839 3474 1017 3548 acemdctes
1042 3474 1176 3547 docem
1195 3501 1271 3574 per-

164 3613 259 3660 eence
284 3588 502 3661 contrahentes
527 3589 609 3661 banc
633 3589 772 3687 [orntum
790 3588 959 3662 corborum
976 3591 1011 3662 in
1026 3590 1147 3688 qcllt'eo
1164 3589 1217 3662 cel
1233 3592 1270 3662 in

164 3703 310 3802 anylino:
330 3703 403 3802 qu
427 3701 472 3778 Ν.
495 3705 618 3802 accipio
637 3718 665 3776 te
681 3700 726 3777 Ν.
741 3706 777 3776 in
793 3730 908 3777 mecm.
929 3706 1088 3778 Similiter
1104 3721 1135 3778 et
1151 3707 1270 3779 mulier

235 3978 286 4042 (tot
300 3978 362 4030 tbid.
373 3980 419 4029 ert.
432 3985 453 4030 t.
464 3991 489 4028 n.
503 3983 527 4030 t.
537 3981 574 4029 En
584 3980 637 4030 eius
647 3979 733 4031 verbe:
746 3980 816 4031 «Etsi
827 3979 982 4031 matrimonia
992 3992 1007 4030 e
1017 3977 1100 4030 liberis
1109 3978 1219 4043 persenis
1233 3979 1266 4030 le·

161 4057 314 4120 gttimeintts
323 4058 741 4128 meaperltsemperprnbareritque
749 4056 1270 4124 cedentemquemvercettndubttcte

162 4129 427 4204 sacramentcr‘tpsins
437 4140 517 4190 umen
527 4138 674 4191 desiderium
681 4139 736 4204 nrt,
744 4141 773 4191 ut
781 4139 879 4191 nonunt
887 4140 955 4204 virgo
965 4139 1054 4204 virgini
1061 4139 1187 4192 nuberet.»
1194 4142 1269 4192 Num.

164 4218 246 4268 autern
259 4221 282 4270 7.
292 4217 375 4268 addit:
389 4218 491 4270 «Tertls
505 4217 614 4270 conditio
630 4218 760 4270 viduarum
778 4219 933 4270 matrimonia
948 4219 1142 4271 contrabentium
1152 4221 1205 4272 erat
1211 4223 1268 4284 prt-

165 4299 235 4350 catto
244 4296 425 4350 maerere
437 4297 580 4364 nantolis,
591 4312 655 4363 quse
664 4300 723 4363 tpsts
733 4312 746 4349 s
757 4298 881 4351 scendote
890 4311 938 4350 non
948 4298 1159 4365 impertiebatur.»
