2872 5062
235 338 303 410 262
427 360 488 408 nn.
510 360 533 408 r.
555 358 643 409 sacr.
665 359 793 409 arrum.
815 359 854 407 ne
877 357 1133 409 strumarum.

232 496 301 554 tum
324 505 457 552 sacrum
478 479 572 551 hisce
593 478 627 549 in
652 477 964 564 coniunctionibus,
986 478 1048 551 sed
1065 480 1175 577 nequ‘e
1193 476 1338 577 aliquem

232 611 341 668 actum
367 593 513 666 civilem.

303 709 375 782 Hoc
392 724 503 781 tamen
521 708 641 805 ingens
659 707 834 781 intercedit
857 708 1040 782 discrimen
1057 708 1145 781 inter
1162 712 1273 781 actum
1290 735 1341 782 re·

231 823 388 922 ligiosum
402 849 441 897 ac
455 822 587 896 civilem
601 823 636 896 in
649 823 775 922 nuptiis
789 823 947 896 ineundis
965 849 1070 921 penes
1086 840 1235 911 veteres,
1252 823 1345 922 quod

230 939 369 1014 omissio
394 939 479 1012 ritus
506 937 655 1036 religiosi
681 939 870 1037 provenerit
895 965 935 1010 ex
960 937 1114 1035 neglectu
1143 937 1345 1012 contraben-

231 1055 335 1141 tium;
351 1069 466 1127 contra
478 1079 557 1127 raro
574 1053 714 1126 omissio
721 1053 946 1151 formalitatis,
960 1079 1063 1150 quam
1075 1052 1206 1140 dicunt,
1221 1051 1343 1149 legalis

230 1196 272 1243 ox
288 1169 420 1242 delectu
436 1169 546 1268 ipsius
563 1168 798 1266 legislationis,
814 1195 901 1268 quae
920 1184 1106 1267 numquam
1121 1167 1213 1241 illam
1231 1168 1275 1241 ad
1293 1194 1344 1242 oe-

232 1283 429 1358 lcbraudum
446 1282 595 1380 legitime
619 1283 811 1380 coniugium
833 1283 988 1357 saucivit.
1005 1281 1206 1379 Coniugium
1224 1281 1340 1369 civile,

230 1398 319 1497 quod
347 1398 425 1468 iniri
452 1398 589 1472 deberet
613 1425 672 1498 per
696 1424 898 1472 eonsensum
929 1398 1091 1472 emissum
1124 1424 1239 1476 coram
1271 1425 1344 1472 ma·

230 1513 428 1612 gistratibus
449 1513 620 1601 civilibus,
644 1514 831 1613 antiquitus
854 1515 988 1614 penitus
1006 1513 1234 1611 ignorabatur.
1255 1515 1343 1587 Satis

229 1631 320 1702 enim
346 1646 417 1703 erat
446 1629 535 1728 apud
563 1655 736 1715 mmanos,
766 1646 803 1702 ut
828 1631 1063 1705 contrahentes
1089 1631 1176 1704 inter
1200 1657 1240 1704 ae
1263 1656 1344 1704 con-

229 1746 396 1832 venirent,
426 1761 484 1817 aut
509 1744 623 1844 aliquo
647 1745 761 1829 uerbo,
795 1746 977 1819 autetiam
1003 1745 1113 1819 solum
1137 1747 1226 1845 facto
1251 1746 1339 1846 ipso.

229 1861 297 1933 Nec
310 1860 547 1961 disputabatur
563 1875 642 1932 tunc
660 1860 819 1958 temporis
837 1860 879 1933 de
896 1859 1052 1934 facultate
1068 1887 1109 1932 ex
1126 1875 1221 1959 parte
1233 1876 1344 1935 aucto

230 1976 337 2049 ritatis
362 1975 517 2075 politicae
542 1975 586 2050 ad
611 1975 760 2073 legitime
785 1975 922 2075 nuptias
948 1976 1222 2064 contrahendas;
1250 1976 1343 2050 nulla

230 2091 463 2191 requirebatur
486 2091 680 2166 solemnitas
704 2093 859 2180 testium,
889 2108 947 2165 aut
971 2091 1178 2190 reipublicae
1201 2091 1344 2165 admini-

229 2223 385 2282 strorum.
401 2209 591 2282 Auctoritas
612 2210 724 2283 civilis
742 2236 808 2282 non
827 2208 1067 2282 interveniebat
1092 2208 1159 2282 nisi
1186 2225 1265 2309 post
1289 2235 1343 2284 ce-

230 2323 449 2399 lebrationem
475 2326 698 2411 matrimonii,
723 2332 828 2425 quum
846 2325 932 2397 inter
948 2323 1111 2421 coniuges
1128 2338 1285 2420 ageretur
1301 2323 1342 2396 de

229 2439 344 2538 aliqua
368 2465 472 2512 cansa
496 2440 686 2512 dirimenda
714 2443 779 2535 (7);
810 2456 843 2512 et
868 2439 1004 2539 quidem
1029 2454 1107 2539 post
1130 2438 1297 2512 indicium
1321 2464 1342 2509 a

228 2555 369 2651 collegio
394 2554 593 2628 sacerdotali
619 2555 820 2628 institutum.
845 2556 886 2628 Et
906 2554 992 2628 baec
1010 2554 1149 2654 quidem
1169 2553 1336 2627 indirecto.

301 2671 398 2742 Nunc
410 2670 453 2741 ad
468 2669 532 2742 boe
546 2670 658 2768 ipsum
671 2669 790 2742 directa
804 2670 1024 2743 evincendum
1037 2669 1239 2744 accedamus
1248 2695 1340 2770 opor·

153 2854 159 2863 ,
228 2797 285 2856 tet.
317 2783 414 2870 Quod
443 2800 481 2856 ut
514 2810 736 2884 assequamur
765 2785 848 2859 satis
875 2801 927 2859 est
950 2783 1160 2859 documentis
1185 2785 1341 2886 positivis

228 2899 418 2987 ostendere,
444 2900 534 3000 apud
556 2901 691 2973 eosdem
709 2900 861 2974 ethnicos
880 2900 1044 3000 nuptialia
1060 2900 1196 2974 loedera
1222 2901 1342 2998 iugiter

228 3031 377 3114 spectata
401 3016 508 3088 fuisse
531 3016 579 3088 uti
605 3042 675 3089 rem
702 3042 852 3104 sacram,
875 3042 913 3088 ac
931 3017 1036 3090 sacris
1056 3017 1176 3089 ritibus
1203 3017 1341 3088 initian·

228 3130 317 3204 dam.
341 3130 445 3204 Cuius
459 3132 506 3204 rei
521 3130 623 3205 vades
640 3131 759 3204 damus
773 3147 901 3205 veteres
920 3131 1189 3219 iurisconsultus,
1205 3132 1267 3230 qui
1279 3132 1341 3204 boc

227 3243 270 3316 de
287 3259 480 3340 argumento
495 3244 736 3331 disseruerunt.
754 3246 896 3320 lacobus
910 3245 1087 3319 (luiaceius
1105 3245 1191 3318 baec
1208 3243 1254 3319 ad
1273 3270 1340 3318 rem

228 3371 375 3428 nostram
397 3357 534 3429 scribit:
559 3359 731 3458 «Nuptiae
746 3384 882 3459 quoque
900 3360 1070 3458 pactiones
1089 3375 1180 3445 sunt,
1201 3374 1236 3431 et
1251 3359 1340 3431 nudo

227 3496 394 3545 consensu
419 3473 677 3566 constituuntur,
706 3475 835 3576 quade
853 3501 956 3547 causa
983 3473 1182 3574 hypothecis
1205 3499 1340 3574 compa-

227 3601 342 3658 rantur
366 3586 425 3658 lib.
446 3589 478 3657 i.
495 3588 543 3658 Dc
565 3588 628 3686 fide
646 3591 758 3676 iusta,
776 3605 808 3662 et
826 3590 910 3662 fiunt
931 3590 1032 3662 etiam
1052 3590 1139 3661 inter
1163 3588 1336 3674 absentes,

226 3700 313 3774 sicut
343 3700 528 3799 sponsalia.
562 3699 801 3779 hModestino
839 3703 1009 3801 eleganter
1037 3701 1246 3774 deliniuntur
1276 3702 1339 3776 boc

225 3816 343 3889 modo:
363 3817 554 3889 Coniunctis
575 3820 677 3890 mori's
695 3835 726 3891 et
741 3821 900 3918 foeminae
912 3833 943 3891 ct
956 3819 1151 3898 consortium
1168 3819 1273 3890 omnis
1290 3818 1339 3888 oi·

180 3948 197 3977 ⁸
227 3945 296 4018 tue,
319 3956 417 4006 orvml
431 3947 462 4004 et
475 3934 610 4007 humani
625 3935 708 4006 iuris
724 3936 980 4008 communicatio.
1000 3933 1185 4007 Coniuncto
1205 3949 1244 4006 ut
1264 3933 1287 4005 l.
1310 3933 1334 4002 l.

225 4047 274 4118 Ilo
297 4050 374 4119 iust.
405 4062 436 4119 et
457 4051 521 4120 iur.
550 4050 740 4122 Coniunctio
761 4051 863 4122 muris
889 4065 919 4122 ct
944 4046 1128 4147 foeminae,
1157 4074 1258 4146 quom
1282 4070 1337 4117 uos

225 4164 466 4264 matrimonium
480 4167 695 4267 appellamus.
710 4165 838 4265 Duplex
856 4165 947 4237 enim
966 4163 1091 4237 babent
1109 4188 1245 4251 nomen,
1266 4188 1335 4235 ma-

297 4315 331 4378 (7)
346 4316 384 4366 Ol.
402 4316 466 4367 lbid.
