2872 5062
232 314 300 384 392
430 337 491 386 nra.
514 338 537 386 1.
559 337 645 387 sacr.
665 337 794 388 aarum.
816 336 856 386 oa
874 321 1006 388 nirata.
1029 337 1136 388 emur.

228 457 408 555 pertinere.
430 457 502 529 Non
521 473 574 529 est
592 458 841 529 matrimonium
860 457 949 529 sicut
966 472 1178 530 sacramenta
1197 451 1341 558 reliqua,

230 596 317 670 quae
338 569 380 642 ad
404 568 510 642 solam
537 570 677 671 spiritus
702 571 804 643 vitam
831 570 1037 657 referuntur3
1067 586 1176 645 status
1198 598 1262 645 seu
1286 595 1346 670 gu·

229 685 386 760 bernium
412 687 530 784 nequit
553 685 622 758 ullo
647 710 710 759 suo
734 686 857 785 privari
877 686 969 772 iure,
985 686 1098 761 immo
1121 711 1202 760 uero
1225 713 1346 762 munes

232 826 292 874 seu
318 799 556 898 obligationem
581 800 683 873 habet
709 803 782 874 iura
804 801 918 874 omnia
944 800 1010 874 sibi
1037 801 1173 901 propria
1196 803 1341 875 tutandi.

231 915 325 987 Hanc
336 916 451 988 vocavi
472 915 638 989 fictionem
657 940 696 989 ae
713 915 940 1016 hypothesim
962 932 1109 991 ceterum
1125 943 1165 991 ea
1184 918 1233 989 nil
1247 918 1345 991 aliud

230 1046 300 1117 est,
317 1056 419 1130 quam
436 1030 576 1131 simplex
597 1031 749 1104 historia.
772 1030 856 1103 Cum
878 1031 1150 1106 christianismus
1176 1034 1345 1110 introduci

231 1144 361 1244 coepit,
384 1145 475 1242 leges
501 1145 617 1219 civiles
643 1147 733 1219 circa
754 1147 1004 1221 matrimonium
1025 1146 1194 1244 vigebant,
1216 1148 1346 1222 nullum

232 1285 353 1332 novum
374 1260 426 1332 ius
444 1275 524 1334 tune
548 1260 716 1334 invectum
741 1261 819 1348 luit,
846 1287 886 1334 ac
912 1260 1020 1335 solum
1045 1261 1085 1333 in
1110 1262 1229 1337 densis
1253 1280 1348 1338 tene·

233 1375 304 1449 bris
323 1376 427 1450 medii
445 1377 517 1450 aeri
535 1377 716 1451 constituta
735 1376 827 1448 luere
844 1375 1012 1474 principia
1029 1394 1145 1450 contra
1168 1377 1280 1476 legum
1292 1379 1350 1452 ei·

230 1491 348 1563 vilium
374 1493 615 1565 auctoritatem

249 1664 251 1668 ,
307 1606 398 1693 Quid
422 1604 546 1706 plura?
562 1606 615 1680 vel
634 1608 746 1705 ipsum
770 1607 950 1680 concilium
976 1607 1193 1681 tridentinum
1219 1609 1349 1682 eonsti-

238 1741 332 1794 tuere
346 1721 453 1795 voluit
470 1722 704 1795 necessitatem
730 1722 867 1794 ineundi
893 1722 1031 1822 nuptias
1049 1747 1162 1796 eoram
1179 1722 1345 1822 parocho,

229 1836 296 1910 ‘sed
312 1862 354 1909 ea
371 1835 500 1909 ratione
517 1836 552 1908 id
571 1836 670 1924 fecit,
689 1853 728 1910 ut
744 1837 926 1924 indicaret,
946 1864 1013 1910 non
1032 1854 1100 1910 tam
1117 1863 1155 1912 se
1165 1837 1349 1913 intendere

229 1952 280 2023 >ad
305 1953 589 2026 consecrationem
616 1951 831 2050 religiosam,
856 1978 959 2052 quam
976 1952 1020 2024 ad
1038 1954 1197 2026 certiores
1219 1952 1348 2027 lacien-

219 2067 298 2141 .dos
329 2069 546 2166 magistratus
572 2066 709 2155 civiles;
739 2067 908 2167 siquidem
924 2067 1054 2140 nullum
1073 2067 1279 2168 peculiarem
1303 2070 1353 2142 ri·

228 2199 305 2255 'tum
318 2184 588 2257 benedictionum
603 2184 838 2284 praeseripsit3
851 2183 899 2258 uti
911 2182 1044 2257 validas
1059 2184 1196 2282 agnovit
1212 2185 1352 2284 nuptias

218 2325 347 2372 coram
382 2301 527 2398 parocho
557 2300 660 2372 invito
691 2326 731 2372 ac
757 2298 931 2371 interdicto
963 2299 1066 2372 etiam
1095 2299 1228 2387 initasr
1263 2299 1354 2373 inter

233 2439 356 2486 causas
381 2440 467 2513 quas
493 2415 631 2512 protulit
655 2413 758 2486 huius
782 2412 942 2499 canonis,
973 2439 1015 2487 ne
1044 2413 1183 2487 verbum
1208 2413 1349 2513 quidem

235 2528 337 2602 habet
360 2529 402 2603 de
424 2531 628 2602 necessitate
652 2528 915 2602 consecrationis
940 2528 1136 2627 religiosae,
1162 2529 1226 2602 sed
1251 2530 1354 2603 unice

232 2669 278 2717 eo
303 2660 454 2743 spectare
479 2643 713 2741 significavit,
732 2660 769 2716 ut
793 2660 943 2717 cessaret
972 2644 1140 2739 dubitatio
1164 2644 1255 2717 circa
1278 2671 1354 2718 ma-

231 2759 392 2831 trimonia
417 2759 499 2832 inita
529 2759 600 2832 sola
624 2759 893 2832 contrahentium
918 2759 1103 2832 voluntate.

228 2918 231 2925 ·
316 2873 435 2946 Infelix
459 2875 518 2973 qui
545 2874 610 2946 sibi
637 2873 830 2950 adiumenta
847 2873 914 2947 non
933 2873 1103 2974 comparat
1119 2873 1353 2972 ex'religioais

227 2983 442 3088 praesidiis!
472 2993 541 3063 Nos
570 2990 605 3061 id
637 2990 781 3064 libenter
814 2990 1060 3077 concedimus;
1089 3005 1144 3062 ast
1167 2989 1258 3064 illud.
1283 3016 1352 3064 uon

237 3104 420 3203 probamus
439 3105 529 3204 quod
548 3105 735 3179 auctoritati
761 3104 987 3178 conscientiae
1005 3103 1230 3201 subrogentur
1252 3104 1351 3178 iussa

231 3219 443 3316 legislatoris
469 3219 598 3306 civilis3
628 3220 663 3292 id
688 3245 756 3293 non
780 3219 964 3318 probamus
991 3221 1025 3289 1.
1047 3219 1216 3317 quianon
1235 3222 1354 3293 cense-

241 3359 317 3406 mus
339 3330 511 3408 eiusmodi
523 3335 692 3433 principia
709 3332 1091 3431 conformiaprincipiis
1112 3331 1350 3430 legislationis,

239 3471 340 3546 quam
366 3446 537 3522 liberalem
562 3448 727 3536 dicimus,
757 3450 791 3520 2.
813 3450 924 3547 neque
948 3447 1133 3521 conformia
1150 3473 1227 3521 esse
1246 3447 1353 3522 indoli

238 3561 331 3635 illius
356 3561 546 3660 religionis,
575 3590 663 3664 quae
688 3564 731 3636 ab
757 3579 893 3636 externa
921 3562 1045 3662 ralugit
1069 3563 1242 3638 coactione
1259 3565 1349 3660 (ll).

311 3679 435 3778 Regius
461 3679 562 3753 etiam
588 3682 743 3754 minister
757 3679 900 3767 adiecit,
922 3705 959 3753 se
978 3706 1045 3755 non
1065 3678 1256 3776 intelligere
1270 3705 1356 3779 quo-

227 3795 339 3869 'modo
364 3795 599 3869 anticathelicn
622 3823 664 3869 ea
688 3797 740 3870 lex
763 3797 832 3869 dici
858 3795 989 3895 possit,
1011 3821 1099 3896 quae
1124 3795 1213 3870 inter
1229 3810 1279 3869 tot
1295 3821 1355 3896 po·

240 3910 340 4010 pulos
369 3907 553 3985 catholicos
583 3912 737 3998 obtinet;
772 3937 875 4011 quam
904 3911 1107 3985 contrariam
1132 3936 1210 3985 esse
1237 3911 1355 3986 dieunt

225 4052 306 4100 non
325 4026 492 4124 dogmati,
508 4025 567 4100 sed
588 4027 802 4126 discipli-nae.
819 4026 861 4100 At
874 4028 1090 4127 quandonam
1112 4026 1268 4100 illicitum
1294 4026 1356 4101 erit

239 4157 342 4242 atque
355 4142 531 4217 schismati
551 4143 742 4241 proximum
756 4143 791 4215 in
806 4169 908 4242 regno
925 4143 1105 4243 subalpino
1118 4143 1152 4215 id
1167 4142 1260 4242 quod
1273 4140 1354 4216 alibi

313 4295 363 4360 (71)
378 4297 481 4347 senatu
497 4303 533 4347 rs.
549 4284 723 4360 eimunpa'g.
737 4301 788 4347 rsa.
800 4302 853 4347 rao.
