2872 5062
358 386 426 438 our.
445 387 491 438 ιιι.
513 389 552 438 nn
578 387 710 439 ιιιιιιιι.
733 389 846 440 crvrnrs
873 384 1057 442 monnio.
1075 396 1097 443 ι.
1207 373 1274 445 289

159 497 402 603 distinguunt,
420 508 501 578 civis
527 502 656 634 nempe
673 524 774 607 atque
789 501 994 594 christiani,
1018 505 1164 608 perinde
1183 509 1222 585 ac
1248 517 1276 588 si

161 620 266 735 altera
291 620 336 692 ab
361 614 465 692 altera
491 621 622 718 seiungi
641 648 680 694 ac
701 622 814 696 divelli
840 619 966 753 posset.
988 625 1058 722 lpsi
1075 613 1277 743 profitentur

159 761 200 808 se
218 730 265 806 in
294 729 441 807 subditis
477 733 610 806 unicam
648 754 800 836 spectare
830 740 912 812 ciris
942 734 1197 824 conditionem,
1234 767 1277 828 ac
1321 792 1325 799 -

159 845 332 924 omninoa
346 848 520 946 religione,
538 877 640 950 quam
646 851 864 950 profitentur,
881 850 1132 952 praescindere.
1143 853 1276 953 Atquis

162 962 239 1038 non
255 963 348 1038 videt
362 965 539 1054 ‚eiusmodi
552 968 681 1055 ,mentis
695 965 1026 1056 ,abstractionemad
1046 968 1137 1058 nihil
1149 969 1272 1055 valere,
1343 988 1358 1023 :²
1400 984 1401 987 ’

161 1108 239 1155 οιιιιι
261 1081 297 1152 in
323 1081 441 1154 ordine
467 1081 546 1154 reali
573 1109 634 1156 seu
659 1099 813 1157 concreto
838 1082 1044 1156 ambae‘lrae
1064 1083 1276 1158 conditiones

162 1196 197 1269 in
211 1193 215 1200 ’
230 1210 310 1270 uno
328 1195 527 1297 eodemque
549 1195 701 1272 subiecto
732 1198 935 1272 coniunctae
964 1201 1209 1297 permaneant,
1245 1217 1278 1273 et
1300 1255 1302 1258 ψ

160 1310 410 1410 quodammodo
428 1308 707 1403 'identificentu'rl
720 1313 812 1385 ldem
830 1313 919 1385 enim
933 1330 985 1385 est
996 1311 1094 1400 civis,
1111 1315 1169 1412 qui
1188 1315 1277 1387 chri-

162 1423 311 1513 stianus,
339 1441 372 1499 et
396 1425 487 1498 idem
512 1425 734 1517 christianus,
752 1428 811 1527 qui
829 1427 925 1500 civis.
959 1427 1171 1527 Quapropter
1196 1429 1276 1520 dum

161 1539 253 1639 leges
288 1542 564 1640 praescribuntur
595 1543 725 1617 civibus
747 1577 768 1630 ‚¹
791 1543 925 1636 civibus
940 1604 943 1608 ,
957 1544 1153 1616 christianis
1179 1571 1276 1642 prae-
1376 1638 1378 1642 Ι

161 1657 578 1749 sonbuntur;nbsurdum
598 1661 739 1757 proinde
756 1677 939 1748 estunam
953 1659 1174 1758 eamdemque
1200 1688 1275 1758 per-

161 1801 280 1849 sonam
306 1771 341 1846 in
368 1775 454 1848 duas
479 1775 581 1849 veluti
607 1776 782 1863 scindere,
811 1777 896 1850 adeo
917 1775 954 1848 ut
976 1775 1075 1849 liceat
1092 1776 1276 1876 uni'impe·

160 1916 259 1977 rare,
289 1891 380 1991 quod
396 1887 704 1991 'alterirepu‘gnat
727 1927 729 1932 ·
772 1929 775 1933 ¹

158 2032 163 2056 ι
234 2008 336 2081 Porro
361 2006 427 2080 hoc
449 2033 527 2080 vere
552 2006 635 2079 illud
660 2011 729 2093 est,
750 2006 842 2106 quod
860 2008 954 2080 lieret
970 2034 1010 2081 ac
1028 2009 1141 2107 reipsa
1158 2008 1195 2080 lit
1214 2034 1274 2111 per
1299 2091 1302 2095 y
1423 2041 1425 2044 ·

160 2122 268 2220 legem
281 2119 514 2221 coniugiorum
528 2149 619 2197 mere
630 2122 790 2197 civilium.
808 2119 1019 2222 Etenim'per
1035 2150 1110 2196 eam
1129 2123 1273 2197 facultas
1368 2198 1370 2203 ,

159 2237 403 2312 tribueretur
374 2265 439 2312 cun
430 2233 665 2312 christiano
648 2265 708 2312 seu
717 2237 883 2326 catholico
895 2238 1113 2312 contrahendi
1127 2232 1274 2334 legitime

159 2378 271 2428 eoram
298 2352 372 2428 solo
396 2355 593 2451 magistratu
626 2349 787 2452 nuptias,
824 2349 956 2426 etiamsi
981 2349 1055 2461 ipso
1081 2348 1213 2425 recuset
1238 2378 1275 2424 se

159 2469 282 2544 sistere
312 2495 424 2542 coram
450 2470 616 2586 parocho,
646 2496 707 2544 seu
731 2463 843 2542 coram
868 2464 1024 2542 ecelesia
1034 2484 1072 2541 ut
1097 2494 1196 2542 suum
1223 2495 1275 2541 re-

159 2589 259 2659 novet
292 2610 506 2658 consensum.
536 2586 590 2656 Vi
600 2580 809 2659 istiusmodi
825 2585 909 2702 legis
942 2584 1051 2658 civilis
1084 2600 1274 2658 contractus

159 2699 349 2814 coniugalis
375 2700 488 2774 licitus
506 2701 606 2775 acad
630 2701 716 2798 legis
743 2725 892 2774 normam
903 2696 1066 2774 validus
1078 2696 1268 2773 haberetur.
1334 2743 1337 2749 ,

160 2815 269 2888 Non
260 2831 392 2912 ignorat
415 2830 527 2887 tamen
552 2815 696 2912 legifera
716 2831 864 2935 potestas
881 2814 915 2886 id
935 2841 997 2888 nec
1013 2814 1103 2887 licite
1129 2841 1190 2887 nee
1214 2841 1274 2887 va-

160 2928 232 3003 lide
243 2955 265 3001 a
277 2929 405 3003 civibus
424 2927 617 3004 christianis
636 2929 799 3028 praestari
818 2954 932 3028 posse,
944 2927 1106 3028 adeoque
1120 2928 1184 3001 hac
1201 2928 1274 3025 lege

161 3045 228 3120 snb
256 3044 393 3120 obtentu
419 3041 645 3127 distinctionis
670 3046 847 3121 cuiusdam
873 3047 1027 3130 fictitiae,
1066 3071 1126 3117 seu
1160 3043 1273 3142 potius

157 3156 407 3237 vanae'mentis
424 3163 676 3249 abstractionis,
705 3163 748 3235 ad
775 3156 966 3261 ponendum
992 3153 1105 3233 actum
1130 3184 1208 3232 vere
1232 3158 1273 3228 il-

160 3271 290 3354 licitum
315 3306 355 3354 ac
380 3280 564 3354 invalidum
590 3279 732 3353 facultas
757 3277 986 3377 praeberetur.
1056 3331 1059 3336 -

234 3387 325 3481 Quid
348 3396 380 3469 si
396 3392 549 3468 'ecclesia
574 3395 692 3468 eadem
717 3393 932 3468 distinctione
953 3408 1069 3478 utens,
1090 3392 1273 3490 spectando

159 3510 250 3584 filios
276 3504 368 3585 suos
383 3507 447 3584 sub
471 3509 627 3610 respectu
653 3508 987 3605 tantum‘religioeo,
1015 3524 1048 3580 et
1072 3506 1272 3580 abstrahens

128 3711 130 3716 ,
158 3616 180 3700 a
213 3626 404 3701 conditione
433 3624 578 3712 civium,
616 3625 745 3724 aliquid
771 3626 821 3698 eis
846 3622 913 3697 lata
937 3623 1011 3721 lege
1036 3623 1267 3721 praeciperet,

158 3757 219 3814 aut
244 3736 363 3815 saltem
389 3742 597 3838 indulgeret,
626 3739 717 3839 quod
743 3767 763 3813 a
788 3738 923 3838 politica
949 3754 1113 3838 potestate
1130 3739 1203 3809 iure
1221 3763 1273 3808 re·

159 3857 377 3954 prebaretur,
405 3881 446 3930 ac
470 3872 636 3929 vetaretur
660 3871 832 3954 tamquam
859 3853 1086 3951 illegitimum,
1116 3852 1267 3936 noxium,

158 3970 356 4072 nulliusque
380 3972 535 4046 valoris?
561 3971 678 4045 Procul
705 3970 808 4044 dnbio
833 3970 970 4069 politica
994 3968 1175 4042 auctoritas
1200 3991 1273 4064 pro

158 4102 337 4161 testaretur
354 4102 424 4160 tum
442 4088 605 4161 adversus
623 4103 733 4160 actum
751 4085 866 4171 illum,
887 4101 958 4158 tum
976 4084 1139 4156 adversus
1165 4081 1271 4176 legem

157 4201 263 4276 mera*
277 4202 412 4277 fictione
437 4203 607 4288 innixam,
636 4227 744 4300 eaque
762 4200 926 4285 absurda,
948 4225 1023 4272 cum
1042 4224 1062 4269 a
1080 4195 1274 4270 conditione

156 4317 335 4394 christiani
368 4319 516 4420 dispesci
549 4333 695 4418 nequeat
727 4317 873 4393 conditio
899 4343 961 4390 seu
985 4313 1133 4414 qualitas
1158 4313 1269 4398 civis,

1193 4462 1227 4512 re
