2872 5062
326 397 393 446 crr.
416 397 437 444 1.
459 397 498 445 nn
520 395 652 447 aurern.
673 395 786 445 onius
812 394 946 443 aarum.
969 396 1038 444 aar.
1060 398 1091 442 r.
1197 372 1262 442 251

156 512 327 598 inficiant,
345 536 483 584 necesse
500 527 563 584 est.
581 512 663 583 Cum
683 511 785 583 semel
799 511 865 582 sibi
879 510 1083 609 persuaserit
1105 511 1203 584 civile
1220 538 1267 584 re·

155 630 289 726 gimen,
322 627 525 702 connubium
553 627 693 726 perinde
719 653 758 699 ac
788 643 975 700 contractus
1009 643 1136 700 ceteros
1162 627 1205 698 ab
1229 655 1267 699 se

156 744 293 818 omnino
313 759 414 843 atque
440 744 538 816 unice
568 743 734 842 pendere,
766 742 930 841 pleneque
955 743 995 813 in
1021 768 1082 814 sua
1107 768 1183 814 esse
1208 769 1268 840 po-

158 874 294 945 testate,
314 885 353 932 ea
374 874 512 944 statuet,
533 883 620 957 quae
637 857 703 956 ipsi
722 856 872 941 libuerit,
893 856 984 928 nulla
1003 857 1129 928 ratione
1153 856 1267 929 habita

156 972 469 1074 impedimentorum
484 973 555 1045 sive
569 972 825 1072 impedientium
839 972 911 1044 sive
924 971 1164 1058 dirimentium,
1181 997 1267 1070 quae

155 1089 296 1162 suntab
318 1087 459 1160 ecclesia
485 1087 677 1160 constituta.
699 1089 748 1158 Ex
765 1088 830 1161 hac
850 1114 929 1160 vero
947 1087 1029 1159 iuris
1047 1086 1267 1158 ecclesiastici

156 1229 195 1277 uo
211 1202 322 1276 civilis
341 1230 453 1301 pugna
478 1218 677 1276 enascentur
695 1218 813 1302 sponte
832 1203 932 1274 veluti
961 1228 1022 1274 sua
1048 1200 1268 1300 perturbatio·

157 1345 242 1405 nes,
271 1318 484 1393 difficultates
509 1320 694 1420 practicae,
724 1344 850 1417 eaeque
875 1317 1106 1414 gravissimae.
1128 1318 1212 1388 Nam
1238 1315 1267 1387 si

157 1435 215 1534 qui
232 1435 397 1509 voluerint
423 1435 556 1508 tandem
574 1434 757 1534 aliquando
778 1433 1005 1506 eonscientiae
1018 1459 1057 1506 ac
1070 1432 1169 1504 saluti
1187 1457 1268 1504 auae

157 1550 331 1624 consulere
355 1576 415 1648 per
440 1551 688 1624 renovationem
715 1549 956 1635 consensusin
981 1548 1067 1621 facie
1091 1532 1264 1632 ecclesiae',

156 1681 191 1741 ut
209 1681 398 1741 contractus
424 1666 630 1764 coniugalis,
647 1667 705 1764 qui
723 1665 886 1738 hactenus
904 1665 1017 1737 irritus
1036 1665 1160 1750 iuerat,
1177 1679 1268 1736 ratus

156 1781 231 1868 fiat,
255 1781 352 1854 facile
372 1809 410 1854 se
430 1783 596 1881 reperient
615 1783 793 1855 dirimente
814 1781 927 1880 aliquo
949 1781 1188 1878 impedimento
1214 1779 1269 1851 dc

157 1912 285 1983 tentos,
313 1923 379 1997 quo
396 1924 417 1968 a
434 1896 492 1970 tali
518 1898 732 1970 renovatione
757 1914 943 1970 arceantur.
973 1897 1007 1967 Si
1028 1897 1086 1994 qui
1105 1895 1189 1992 legis
1209 1894 1269 1967 ob-

157 2027 249 2086 tentu
261 2012 439 2086 divortium
452 2013 591 2087 fecerint
604 2041 622 2085 a
637 2015 766 2114 prima,
788 2013 954 2098 secunda,
976 2027 1033 2084 aut
1050 2011 1148 2083 tertia
1164 2037 1269 2109 quan-

157 2126 268 2227 doque
284 2154 407 2216 uxore,
428 2156 528 2228 quam
545 2145 622 2228 post
639 2130 734 2227 prius
753 2128 931 2202 divortium
955 2125 1264 2227 superinduxerint,

156 2242 223 2315 iam
249 2244 393 2343 quisque
418 2245 525 2344 primo
549 2245 664 2317 obtutu
692 2245 797 2317 cernit
822 2244 856 2315 in
882 2260 1026 2342 quotae
1052 2241 1267 2315 difficultates

157 2358 383 2444 coniecerim,
412 2361 471 2458 qui
496 2361 546 2433 sio
571 2360 660 2432 civili
686 2375 813 2431 tantum
846 2359 972 2431 ratione
1001 2357 1144 2457 copulati
1176 2371 1264 2429 sunt.

157 2474 280 2547 Poterit
297 2475 385 2546 euim
398 2500 438 2547 ex
451 2476 613 2549 ecclesiae
635 2501 699 2548 seu
724 2476 835 2574 potius
851 2475 912 2546 Dei
929 2474 1035 2573 ipsius
1058 2473 1131 2570 lege
1151 2497 1267 2545 omnes

158 2588 321 2663 foeminas
351 2590 397 2663 ita
423 2591 617 2664 coniunctas
642 2591 818 2677 deserere,
840 2607 873 2662 et
898 2589 998 2662 aliam
1025 2615 1270 2689 quamcumque

159 2705 205 2775 in¹
224 2731 360 2797 uxorem
391 2705 531 2802 eligere,
561 2706 752 2802 coniugium
774 2733 871 2779 suuni
899 2706 1099 2779 celebrando
1124 2706 1159 2776 in
1185 2705 1270 2777 faeie

159 2816 340 2905 ecclesiam
361 2821 481 2920 poterit
506 2820 622 2920 utique
640 2821 739 2893 etiam
758 2849 859 2894 uuam
878 2849 919 2894 ex
937 2821 1107 2920 prioribus
1128 2821 1266 2906 ducere,

159 2933 359 3033 quandoque
376 2936 475 3007 etiam
498 2936 660 3008 tenebitur
676 2937 728 3009 vel
750 2953 887 3036 propter
911 2937 1034 3008 liberos
1058 2935 1110 3008 vel
1133 2951 1271 3033 propter

158 3047 244 3121 alias
271 3049 536 3125 circumstantias
562 3052 729 3124 secundae
753 3052 804 3126 vel
828 3053 963 3139 tertiae,
996 3050 1102 3150 primu
1125 3049 1265 3134 relicta,

158 3163 351 3238 adhaerere.
369 3168 487 3239 Verum
508 3167 647 3240 obsistet
664 3168 879 3264 gubernium,
897 3167 986 3265 quod
1006 3167 1135 3266 primas·
1150 3164 1267 3238 saltem

157 3279 293 3377 nuptias
315 3281 365 3352 uti
390 3297 480 3355 ratas
505 3309 545 3355 ac
570 3283 736 3379 legitimas
762 3282 874 3354 habet.
907 3279 1100 3366 Quidiiet?
1126 3281 1190 3366 Qui
1219 3281 1269 3353 sio

157 3391 191 3465 in
208 3393 295 3467 facie
311 3396 472 3469 ecclesiae
485 3399 685 3472 contraxerit
700 3398 904 3495 coniugium,
920 3423 960 3470 ex
974 3397 1178 3471 conscientia
1190 3396 1270 3469 buic

157 3507 340 3583 miseere
364 3511 547 3598 tenebitur,
575 3529 691 3586 contra
714 3538 793 3585 vero
818 3514 1033 3610 magistratus
1059 3512 1268 3586 civiliacum

156 3629 254 3720 coget
272 3626 636 3705 descreresecuadam
656 3645 689 3700 et
713 3628 896 3701 adhaerere
921 3629 1041 3727 priori,
1071 3625 1267 3728 praesertim

156 3738 187 3810 ai
198 3742 241 3810 eir
253 3739 358 3836 priori
369 3742 502 3840 ¹prolem
516 3744 678 3841 genuerit.
700 3745 750 3823 En
769 3743 999 3816 detestabilem
1017 3769 1164 3842 pugnam
1183 3747 1273 3814 inter

156 3853 397 3926 conscientiam
410 3873 443 3929 et
454 3856 580 3956 legem,
598 3859 684 3931 inter
700 3858 877 3932 ecclesiam
897 3874 930 3931 et
949 3859 1161 3956 gubernium.
1179 3856 1266 3942 Quid

156 3967 186 4041 si
212 3968 290 4067 quis
319 3974 519 4046 contraxerit
548 3975 702 4072 nuptiale·
728 3975 846 4048 foedus
876 3999 986 4047 coram
1018 3973 1160 4046 eeclesia
1193 3998 1268 4044 cum

156 4082 292 4182 aliqua,
313 4089 739 4187 postquamdeprebendit
759 4117 797 4164 ae
818 4115 894 4162 oum
912 4090 981 4170 itta,
1002 4115 1102 4188 quam
1128 4087 1270 4159 civiliter

157 4197 309 4285 duxerat,
330 4226 396 4273 noa
413 4227 513 4298 posse
533 4229 728 4300 permanere
744 4232 795 4291 eo,
817 4205 908 4304 quod
925 4205 1036 4302 vigeat
1052 4203 1271 4301 impedimen

157 4329 226 4384 turn
242 4313 407 4388 dirimens
422 4350 437 4400 ·,·
462 4342 583 4414 neque¹¹
596 4343 670 4390 curn
688 4319 746 4392 illa
764 4338 964 4393 conaensum
991 4344 1100 4392 coram
1128 4319 1275 4407 eeclesia-
