2872 5062
982 132 996 167 s

268 379 1169 437 aar.1.tur.11.nnvnn1rnrrercmrr.rinocrusonon.
1238 366 1284 438 at

169 499 393 601 approbatum
422 514 456 572 et
481 499 744 588 confirmatum,
777 515 811 573 et
841 499 965 574 fautum
988 505 1116 600 qratioe
1140 509 1289 578 cananei·

167 636 244 687 vum
258 617 376 710 (90).»
476 670 478 675 ,

238 729 421 804 Durandus
446 757 467 804 a
489 745 602 804 monte
634 731 795 806 Pomiano
827 732 1008 832 episeopus
1039 734 1223 808 meldensis
1244 736 1287 809 'in

167 847 353 920 Commeat.
373 847 410 918 in
435 848 456 918 4
490 843 551 918 lib.
575 847 722 922 sentent.
746 875 767 921 a
790 846 931 948 reliquie
964 848 1129 938 deeoivit,
1157 850 1204 923 ita
1232 865 1286 924 ta·

167 988 267 1051 men,
287 978 324 1036 ut
340 963 424 1063 quin
450 963 663 1038 traditionem
688 963 852 1051 infirmet,
880 988 955 1037 eam
974 965 1087 1064 potius
1111 966 1287 1042 confirmet

168 1077 278 1176 magio
302 1079 486 1179 pugnando
511 1105 662 1165 secum‚<
676 1084 810 1153 etcum
836 1081 968 1154 ueteris.
997 1082 1128 1155 Etenim
1154 1082 1284 1182 ipsein

140 1193 246 1272 diat.
277 1191 312 1266 1·.
341 1219 378 1294 q.
410 1196 445 1266 d.
473 1195 628 1293 agnoseit
651 1194 835 1269 discrimen
859 1195 947 1268 inter
979 1213 1191 1279 sacramenta
1225 1224 1288 1273 ve·-

165 1311 245 1384 tetis
272 1309 358 1408 legia
382 1327 418 1384 et
443 1327 652 1385 sacramenta
677 1310 923 1408 novaelegis,
959 1313 1051 1413 quod
1081 1313 1139 1386 illa
1168 1315 1285 1388 uelum

159 1449 221 1524 per
242 1453 280 1500 ae
302 1424 370 1499 eon
385 1429 594 1500 xcontinerent
622 1429 786 1526 qratiam,
815 1427 901 1500 haee
924 1453 1003 1502 vero
1028 1428 1115 1500 dent.
1137 1429 1225 1502 lbid.
1246 1431 1283 1502 in

163 1568 254 1642 resp.
282 1543 328 1615 ad
359 1544 393 1614 d.
421 1543 574 1616 coneedit
598 1570 659 1642 per
683 1546 792 1616 omnio
819 1570 924 1640 novae
953 1544 1038 1643 legis
1070 1562 1283 1620 sacramenta

158 1660 292 1758 plenior
308 1659 451 1758 gratiam
464 1661 608 1734 conferri
625 1659 806 1760 ¹quam'per
822 1678 1033 1736 sacramenta
1045 1662 1167 1735 veteris
1180 1661 1278 1760 legis.

162 1776 201 1847 ln
218 1771 308 1850 din.
336 1798 417 1850 vero
443 1779 477 1849 2.
498 1802 534 1877 q.
557 1779 591 1849 2.
611 1778 939 1877 eonstituit'eeptem
964 1804 1041 1851 esse
1065 1804 1171 1851 novae
1196 1777 1308 1876 legis.

162 1907 392 1980 memnone,
409 1910 442 1967 et
457 1893 741 1992 quemadmodum
759 1894 802 1967 ad
819 1893 906 1967 aliae
923 1895 1064 1968 virtutes
1081 1894 1149 1968 alia
1168 1916 1283 1968 saera-

161 2022 274 2080 menta
296 2007 452 2081 ordinata
470 2003 567 2096 eunt,
582 2008 636 2082 >ita
651 2009 901 2084 matrimonium
920 2009 1095 2084 ordinatur
1111 2011 1155 2083 ad
1173 2027 1284 2084 ertum
1407 2011 1410 2018 ’

163 2125 410 2222 montiae:
429 2125 650 2224 praemiserat
665 2127 778 2198 enim:
797 2126 868 2198 «ad
887 2143 982 2199 aetus
999 2128 1172 2213 virtutum,
1192 2152 1282 2228 quae

162 2231 245 2311 sunt
267 2254 407 2338 neptem,
428 2256 496 2315 vtes
513 2240 737 2338 theologalee‚
757 2257 791 2312 et
808 2257 953 2340 quatuor
976 2240 1165 2314 cardinales
1182 2267 1281 2338 erpe-

160 2350 259 2427 diuet
281 2374 380 2430 noe.»
395 2357 463 2430 -Hie
486 2355 522 2428 in
546 2356 742 2430 universum
772 2356 963 2430 oonedtutie
988 2357 1078 2429 eirea
1103 2381 1280 2429 numerum

159 2485 191 2544 et
213 2461 402 2546 effieeeiam
429 2488 716 2546 eaoramentorum
742 2493 848 2546 notae
873 2472 980 2569 legia,
1001 2471 1045 2544 ad
1068 2471 1149 2544 diat.
1168 2473 1226 2543 26.
1243 2471 1280 2543 in

160 2608 226 2686 qtte
252 2612 365 2662 sermo
388 2604 442 2672 eet
456 2589 509 2662 >de
532 2581 746 2662 matrimonio
771 2587 807 2659 in
833 2588 947 2686 speeie
971 2603 1035 2660 art.
1059 2590 1093 2659 3.
1120 2611 1281 2686 expresse

159 2702 323 2776 affirmat:
348 2704 574 2777 «Tenendum
592 2719 645 2776 est
662 2702 814 2776 absolute
839 2703 931 2802 quod
956 2702 1206 2775 matrimonium
1228 2717 1281 2774 est

160 2804 405 2892 meromontem
416 2877 424 2907 ,
435 2840 437 2842 ’
448 2810 526 2892 eum
543 2819 609 2894 hoe
625 2813 824 2892 determinet
839 2818 981 2891 eeclesia
999 2817 1129 2911 (detra
1145 2816 1184 2888 de
1202 2817 1280 2888 koe-

141 2936 278 3023 ,reaten
306 2935 357 3008 dd
380 2927 612 3027 Aboleedom),
641 2918 710 3007 ubi'
725 2928 889 3006 memorat
912 2932 1160 3005 matrimonium
1191 2931 1279 3003 inter

158 3049 224 3124 elia
241 3067 472 3138 sacramenta,
487 3065 521 3124 et
533 3052 653 3125 dooere
665 3050 857 3150 oppositum
875 3065 922 3122 eet
940 3045 1172 3121 decreticum.»
1189 3046 1278 3119 Hae

159 3179 254 3239 tenua
279 3167 380 3242 bene.
410 3167 472 3240 Ast
496 3167 598 3266 paulo
623 3167 711 3239 infra
736 3182 886 3239 autumet
917 3161 1168 3238 matrimonium
1193 3165 1279 3234 citra

159 3283 317 3354 tamesim
340 3278 408 3356 dici
433 3270 536 3382 poene
561 3298 807 3357 sacramentum
832 3275 1003 3379 aequivoce
1032 3280 1161 3352 ratione
1187 3278 1277 3375 signi

159 3399 204 3470 rei
223 3420 358 3485 sacrae,
382 3415 537 3499 respectu
555 3414 738 3472 ceterorum
757 3413 1058 3483 aeoramentorum,
1080 3420 1145 3467 non
1164 3410 1276 3466 autem

158 3516 302 3599 univoce,
315 3531 493 3615 quatenus,
510 3515 598 3588 sicut
610 3532 719 3588 cetera
732 3528 952 3599 sacramenta,
966 3512 1106 3609 gratiam
1120 3537 1186 3583 non
1200 3536 1278 3608 pro-

158 3627 250 3702 ducit
267 3656 310 3701 ero
328 3656 419 3728 opere
434 3646 583 3730 opereto‚·
602 3631 662 3704 sed
676 3631 784 3703 solum
799 3656 840 3700 ex
852 3653 953 3726 opere
970 3626 1140 3727 operantis
1158 3627 1272 3722 (91).»

229 3742 293 3818 Aet
317 3743 353 3816 in
378 3744 443 3819 hoo
461 3772 530 3819 non
549 3745 705 3819 cohaeret
723 3742 809 3830 sibi,
825 3743 910 3817 tollit
935 3742 1025 3815 enim
1051 3741 1276 3815 differentiam

156 3886 259 3960 quam
286 3860 369 3960 ipse
388 3860 619 3958 assignaverat
642 3861 677 3932 in
703 3860 783 3933 dist.
806 3861 840 3930 1.
864 3874 896 3931 et
912 3861 946 3930 2.
965 3858 1052 3930 inter
1068 3868 1275 3930 sacramenta

228 4112 281 4179 (90)
296 4118 382 4179 Super
398 4117 516 4179 quatuor
531 4115 612 4166 libror
626 4116 819 4165 sententiarum
835 4115 910 4164 Petri
927 4109 1075 4162 lombardi.
1093 4108 1190 4158 Brixiae
1206 4111 1274 4157 teet.

154 4196 215 4246 tom.
226 4199 270 4247 lv.
280 4196 308 4246 in
318 4194 377 4245 atet.
391 4201 429 4246 ao.
439 4194 485 4246 art.
496 4199 587 4258 equ.

226 4276 279 4340 (et)
295 4279 332 4326 ln
340 4275 562 4327 PetrtLomeordt
572 4278 715 4327 sententiar
727 4274 883 4338 theoloetoar
893 4271 1141 4323 coementariorum
1150 4266 1206 4317 libri
1216 4267 1273 4317 1111.

155 4359 241 4409 venet.
256 4361 327 4410 1571.
339 4349 383 4408 sol.
396 4360 451 4407 367.
465 4358 544 4419 terro.
