2872 5062
159 334 226 402 356
359 355 419 402 nte.
441 355 463 401 1.
485 352 571 402 secr.
594 352 721 401 annena.
744 353 783 400 nn
809 351 941 402 narem.
962 351 1069 402 crvier.

131 487 134 491 ’
155 473 431 546 contrahentibus
457 473 592 569 exigant
614 472 850 543 documentum
875 470 918 541 de
941 485 1017 542 actu
1038 470 1130 543 civili
1158 497 1271 546 coram

156 585 407 684 magistratibus
434 585 621 668 celebrato,
653 600 750 682 prout
775 585 809 655 in
835 584 1007 657 nonnullis
1033 584 1162 658 Galliae
1179 586 1273 659 dioe-
1325 677 1329 687 ¹

156 703 291 776 cesihus
313 730 353 775 ac
379 702 561 800 provinciis
580 702 652 773 fieri
671 701 845 774 consuevit
866 701 908 772 ad
932 702 1183 800 praecavendas
1201 729 1274 774 mo

157 817 291 903 lestias,
321 817 351 889 si
378 842 477 890 secus
505 815 598 887 fieret
615 817 704 910 (22).
722 815 813 885 Nihil
839 816 973 888 demum
1000 815 1162 916 impedit,
1190 843 1277 915 quo

157 935 270 1006 minus
299 934 415 1032 poenis
443 931 626 1004 multentur
651 933 708 1029 qui
735 932 826 1004 civili
851 931 915 1028 legi
936 958 1003 1004 non
1026 931 1271 1030 obtemperent,

156 1075 243 1149 quae
270 1046 362 1121 iubet
388 1046 548 1143 coniuges
576 1073 613 1119 se
639 1046 758 1118 sistere
789 1071 900 1117 coram
936 1045 1026 1119 civili
1058 1043 1171 1118 iudice
1201 1048 1273 1119 sive

158 1182 235 1238 ante
246 1164 326 1256 ¹sive
344 1180 420 1261 post
437 1161 693 1235 celebrationem
720 1161 867 1256 coniugii
886 1161 928 1232 ad
947 1160 1089 1232 formam
1108 1187 1128 1232 a
1145 1162 1273 1234 triden-

156 1281 227 1353 tino
254 1279 514 1378 praescriptam.

230 1393 284 1464 Sic
307 1408 397 1465 sarta
422 1407 510 1465 tecta
536 1393 612 1463 iura
635 1390 746 1464 civilis
771 1391 946 1488 regiminis
967 1408 1000 1463 et
1020 1391 1184 1464 ccclesiae
1205 1417 1275 1465 ser-

156 1524 332 1594 varentur,
354 1533 415 1580 neo
433 1507 502 1578 ulla
522 1508 743 1580 intercederet
769 1507 994 1579 eonscientiae
1019 1505 1187 1580 libertatis
1204 1509 1276 1582 vio-

80 1684 82 1689 .
156 1624 259 1710 latio;
288 1624 370 1722 quia
395 1622 601 1721 quicumque
635 1621 830 1718 religionem
866 1622 1044 1721 positivam
1077 1621 1271 1721 profitetur,

160 1738 259 1813 debet
287 1737 440 1834 religioni
467 1762 548 1809 suae
572 1736 772 1810 conformari
791 1738 825 1807 in
848 1735 979 1809 actibus
1005 1735 1192 1830 religiosis,
1217 1763 1276 1808 cu-

161 1854 307 1928 iusmodi
333 1870 386 1925 est
410 1852 631 1925 christianum
658 1853 865 1948 coniugium.

230 1968 383 2040 Ceterum
409 1966 634 2040 conscientiae
660 1963 799 2038 libertas
825 1983 961 2038 nonest
980 1966 1046 2038 nisi
1064 1966 1218 2040 velamen
1236 1992 1274 2039 ac

158 2096 350 2187 praetentus
367 2080 565 2154 condendae
584 2079 669 2176 legis
692 2079 813 2163 huius,
834 2079 1125 2180 legislatoresque,
1141 2081 1185 2154 de
1202 2082 1278 2180 qui-

157 2199 228 2272 bus·
243 2199 392 2296 agimus,
413 2197 527 2269 minus
553 2195 689 2281 dicunt,
713 2222 819 2293 quam
846 2196 958 2294 reipsa
983 2195 1171 2269 intendant.
1192 2196 1276 2269 Vera

160 2315 246 2388 ratio
278 2331 349 2400 est,
378 2309 459 2410 quia
485 2312 553 2411 ipsi
580 2311 829 2384 matrimonium
856 2311 969 2410 quoad
995 2336 1092 2384 suam
1118 2311 1278 2384 substan—

108 2448 114 2457 '
160 2432 241 2503 tiam
267 2455 333 2502 non
360 2445 514 2528 spectant
540 2428 606 2499 nisi
632 2429 680 2500 uti
713 2455 783 2500 rem
817 2428 953 2500 omnino
987 2427 1144 2514 civilem,
1179 2427 1277 2500 culus

158 2546 301 2643 proinde
325 2544 505 2642 dispositio
532 2542 633 2642 plena
658 2544 853 2640 acrintegra
870 2543 912 2615 ad
931 2542 1029 2616 civile
1053 2544 1226 2640 regimen,
1246 2560 1276 2615 et

159 2658 296 2759 quidem
321 2659 491 2731 exclusive
516 2646 701 2756 pertineat„
726 2659 797 2731 Hac
828 2659 997 2747 decanea
1027 2659 1080 2731 ius
1103 2659 1276 2733 vindicant

160 2773 250 2848 civili
277 2773 347 2847 loro
373 2772 544 2846 statuendi
569 2773 810 2872 impedimenta
828 2774 1198 2873 quaevisdirimentia3
1225 2776 1276 2849 ius

160 2889 204 2962 ad
229 2889 341 2987 ipsum
367 2904 524 2961 revocant
548 2886 722 2959 iudicandi
746 2887 790 2960 de
816 2888 928 2961 causis
952 2888 1275 2979 matrimonialibus,

160 3005 362 3079 decernendi
387 3004 533 3078 divortia
559 3002 693 3103 aliaque
715 3003 921 3103 praestandi,
942 3019 1041 3103 prout
1059 3003 1127 3077 sihi
1152 3004 1276 3078 bonum

160 3120 271 3193 visum
307 3120 416 3193 luerit.
453 3119 524 3192 Hac
560 3119 602 3191 de
632 3144 735 3192 causa
764 3134 798 3190 et
827 3119 861 3189 in
897 3119 1050 3191 eumdem
1082 3117 1185 3191 finem
1211 3143 1274 3191 non

93 3266 95 3270 ’
160 3236 259 3308 modo
284 3235 516 3332 distinguunt,
540 3233 601 3308 sed
620 3234 724 3333 plane
749 3235 945 3334 discerpunt
966 3251 1173 3308 contractum
1199 3260 1277 3307 cou-

161 3348 307 3445 iugalem
326 3375 346 3421 a
364 3366 591 3437 sacramento,
612 3376 686 3435 seu,
705 3366 742 3422 ut
759 3350 826 3447 ipsi
845 3349 1044 3448 loquuntur,
1067 3375 1277 3424 aconsecra·

160 3463 252 3536 tione
272 3463 450 3561 religiosa,
478 3492 582 3565 quam
606 3465 705 3536 unice
727 3465 890 3538 ecclesiae
916 3465 1090 3538 dimittunt
1107 3491 1177 3537 una
1203 3491 1276 3538 cum

161 3578 370 3677 inspectione
387 3580 479 3653 circa
496 3580 738 3680 dispositiones
752 3579 796 3653 ad
809 3597 1055 3654 sacramentum
1074 3580 1138 3652 rite
1154 3579 1276 3654 obeun-

161 3692 255 3765 dum.
285 3693 335 3764 En
362 3692 445 3793 quid
470 3695 527 3766 isti
553 3693 686 3796 velint,
721 3709 818 3792 prout
843 3694 1016 3793 exipsius
1040 3693 1126 3790 legis
1162 3692 1274 3766 oblatu

160 3808 331 3883 schemate
357 3825 506 3897 constat,
536 3836 575 3882 ac
601 3836 667 3883 non
684 3810 793 3908 *pauci
820 3826 968 3883 oratores
986 3824 1019 3882 et
1037 3808 1185 3882 ministri
1213 3807 1274 3907 ipsi

161 3925 245 4021 regii
263 3925 299 3996 in
316 3925 462 3998 comitiis
483 3925 673 4026 subalpinis
698 3924 910 4028 declararunt
926 3926 1015 4022 (23).
1034 3924 1188 4023 ldipsum
1208 3925 1273 3999 iam

172 4046 175 4053 ¹
237 4083 288 4147 (22)
304 4085 447 4148 Hoclpsnm
458 4085 625 4138 constltntum,
635 4085 673 4135 est
687 4085 713 4134 in
729 4085 855 4148 aliquibus
870 4083 982 4134 conciliis
997 4083 1203 4147 provincialibus,
1214 4095 1274 4148 quae

164 4163 191 4213 lu
208 4165 289 4215 Gallia
300 4164 371 4216 annis
381 4165 548 4230 superioribus
558 4165 681 4216 celebrata
693 4169 760 4216 sunt.

236 4245 286 4308 (2³)
300 4246 339 4297 cr.
350 4249 446 4298 senato
461 4245 505 4296 del
519 4258 607 4308 reone.
625 4246 731 4296 Tormta
746 4245 785 4296 del
806 4252 841 4296 18.
859 4244 968 4294 Dicemb.
983 4258 1036 4309 pag.
1049 4251 1103 4296 πω.
1121 4246 1170 4296 col.
1182 4251 1205 4294 3.
1219 4245 1276 4295 rum

164 4336 218 4388 m.
232 4331 285 4378 tol.
299 4329 346 4378 etc.
1276 4358 1277 4363 ,
