2872 5062
578 397 766 453 enumeres.
1183 372 1225 455 xr‘

115 541 194 591 rum
217 514 435 590 distributio:
456 517 593 613 primus
609 519 655 592 de
672 519 897 592 matrimonio
920 518 1108 594 christiano
1124 536 1159 596 et
1175 506 1225 597 ci-

114 635 193 706 vili:
220 633 308 707 alter
333 632 379 705 de
403 633 548 730 legifera
573 637 754 731 utriusque
776 637 861 708 iuris
888 649 1074 732 potestate:
1102 618 1229 714 tertius

113 750 158 830 de
183 751 398 822 matrimonii
423 748 566 824 dotibus
591 749 804 824 inscribitur.

187 865 282 951 Quos
293 864 438 961 quidem
451 865 537 938 dum
552 869 644 964 typis
657 866 881 940 concedimus
891 879 926 946 et
936 866 1113 965 publicam
1125 869 1225 942 evul-

114 1002 235 1075 gamus
255 982 293 1052 iu
314 980 448 1065 lucem,
466 983 490 1052 ii
508 995 600 1055 certe
621 1006 693 1054 non
712 1004 832 1054 sumus
856 984 918 1078 qui
940 981 1139 1056 absolutum
1157 995 1228 1087 un·'

113 1095 220 1192 dique
246 1120 357 1194 opus,
384 1096 646 1195 perfectamque
668 1098 713 1170 de
738 1099 963 1172 matrimonio
985 1103 1224 1172 tractationem

111 1212 273 1308 polliceri
292 1213 493 1286 audeamus.
509 1214 615 1286 Plura
627 1227 709 1287 sunt
721 1238 830 1309 eaque
851 1236 924 1286 non
941 1213 1114 1310 vulgaria,
1133 1237 1227 1311 quae¹

112 1328 149 1398 in
173 1351 213 1400 re
240 1339 314 1400 tam
339 1329 455 1426 ampla
476 1342 512 1401 et
534 1330 675 1426 copiosa
699 1329 904 1426 pertractari
934 1327 1119 1401 commode
1140 1352 1224 1425 pos·

112 1455 211 1515 sunt:
239 1468 363 1517 verum
385 1447 617 1543 praescriptos
641 1445 725 1518 huic
746 1446 845 1542 operi
872 1442 961 1516 fines
986 1444 1224 1541 praetergredi
1338 1432 1343 1448 '

111 1557 208 1631 nefas
232 1559 408 1632 duximus.
434 1563 557 1656 Neque
574 1561 603 1654 is
620 1584 687 1656 ego
705 1581 783 1632 sum
801 1562 863 1656 qui
880 1582 970 1632 nova
989 1572 1024 1631 et
1040 1558 1224 1656 splendida

111 1698 178 1771 pro
198 1679 302 1749 certis
319 1688 354 1749 et
373 1661 464 1750 veris
489 1679 652 1773 persequi
675 1676 868 1760 voluerim,
882 1676 920 1748 id
931 1677 1032 1751 unice
1043 1688 1222 1772 satagens,

111 1801 150 1860 ut
167 1793 410 1885 quaestionem
428 1790 573 1863 arduam
588 1813 672 1864 sane
685 1798 790 1887 atque
802 1789 983 1871 difficilem
1003 1791 1140 1863 meliori
1155 1813 1225 1885 qua

111 1927 251 1999 possem
272 1907 352 1981 luce
374 1907 635 2003 perfunderem.
658 1907 698 1979 ld
716 1913 745 1980 si
761 1911 836 2003 egi,
862 1920 901 1979 ut
924 1929 1046 2004 spero,
1067 1918 1138 1978 non
1160 1929 1225 2002 pa-

110 2044 190 2094 rum
217 2021 407 2119 proiecisse
435 2047 526 2104 me,
558 2037 661 2121 atque
690 2027 733 2096 iis
764 2027 825 2121 qui
859 2022 995 2119 plenius
1021 2019 1225 2095 huiusmodi

110 2137 289 2208 materiam
315 2150 528 2234 pertractare
556 2121 742 2235 poterunt,
770 2138 891 2211 videar
911 2133 1136 2208 consuluisse.
1155 2137 1223 2208 Ve-
1261 2225 1267 2235 .

111 2252 246 2324 tissima
269 2266 321 2325 est
345 2254 448 2326 Tullii
474 2257 660 2339 sententia,
684 2252 847 2324 omnibus
865 2255 900 2322 io
920 2250 1026 2324 rebus
1044 2249 1224 2333 difficilem

109 2391 184 2440 esse
210 2371 333 2464 optimi
359 2369 609 2466 perfectionem
631 2383 735 2466 atque
760 2368 1031 2449 absolutionem.
1051 2365 1223 2463 Equidem

108 2482 222 2556 fateor
240 2484 460 2559 doctissimos
479 2489 574 2559 viros
594 2509 724 2582 eosque
736 2508 808 2557 non
821 2507 951 2581 paucos
964 2505 1105 2555 omnem
1124 2494 1223 2554 suain

108 2618 253 2696 operam
275 2601 313 2672 in
333 2600 424 2673 hanc
449 2603 691 2698 quaestionem
721 2590 932 2673 contulisse:
958 2622 1073 2694 neque
1106 2611 1222 2671 tamen

109 2715 218 2784 ausim
245 2713 364 2787 dicere
385 2715 490 2811 plana
509 2737 584 2797 esse
607 2716 725 2787 omnia
750 2726 854 2810 atque
877 2713 1078 2810 explorata,
1111 2697 1221 2808 quum

107 2826 217 2902 multa
234 2829 374 2911 videam
387 2832 424 2900 in
438 2853 510 2902 non
530 2831 600 2902 levi
624 2830 739 2901 adhuc
758 2828 968 2902 obscuritate
991 2829 1134 2903 versari.
1148 2828 1222 2924 Ego
1317 2887 1320 2892 .

109 2947 327 3039 quantumin
348 2959 496 3030 moen,
523 2945 568 3018 ad
590 2932 692 3018 hasce
715 2945 956 3019 dissolvendas
979 2940 1139 3017 tenebras
1159 2943 1222 3014 ali-

107 3081 213 3152 quam
231 3083 312 3131 cum
325 3063 448 3132 ceteris
466 3059 577 3135 facem
600 3060 760 3145 conferre
774 3071 918 3134 conatus
932 3083 1022 3132 sum.
1037 3061 1112 3131 Hac
1129 3058 1222 3130 enim

107 3175 242 3247 ratione
268 3175 479 3276 plerumque
505 3177 636 3250 lactum
660 3178 821 3259 videmus
837 3194 860 3262 ,’
874 3191 912 3248 ut
936 3199 1027 3272 quae
1047 3176 1150 3259 initio
1166 3176 1222 3257 inj-

107 3302 201 3363 certa
227 3304 329 3365 erant
354 3305 389 3365 et
413 3291 612 3377 laboriosa,
641 3294 832 3366 communi
847 3293 1034 3365 doctorum
1064 3291 1221 3364 uirorum

107 3419 235 3479 conatu
263 3389 367 3504 esque
389 3407 561 3480 industria
584 3408 655 3478 iam
681 3431 775 3479 nunc
800 3419 978 3505 comperta
1005 3403 1170 3479 omnibus
1187 3416 1222 3476 et

106 3521 290 3617 explanata
303 3520 512 3603 habeantur.
529 3523 637 3595 Prout
656 3524 781 3618 cuique
793 3520 980 3605 datumest
997 3521 1081 3591 eniti
1099 3541 1222 3601 omnes

106 3633 298 3721 debemus,
334 3652 374 3711 ut
399 3641 435 3710 in
459 3660 683 3711 communem
714 3639 902 3735 sapientiae
929 3636 1131 3710 thesaurum
1157 3620 1222 3707 ali-¹

107 3751 194 3844 quid
222 3774 360 3850 semper
386 3753 630 3826 conferamus:
658 3752 744 3849 quid
769 3740 836 3849 pro
867 3775 945 3823 mea
963 3765 1071 3848 parte
1098 3736 1222 3827 contu·

107 3866 227 3951 ierim,
242 3889 367 3942 eorum
389 3873 451 3964 qui
472 3871 654 3966 aequiores
675 3871 745 3940 mei
763 3869 896 3940 iudices
917 3878 1022 3939 erunt
1038 3866 1169 3951 iudicio
1185 3875 1221 3935 et

106 3985 296 4056 sententiae
313 3983 414 4058 facile
431 3985 607 4080 relinquo.
625 3972 813 4070 Affirmare
833 3994 949 4055 tamen
967 4005 1111 4080 possum
1132 3977 1220 4050 nulli

106 4118 162 4169 me
189 4096 391 4195 diligentiae
409 4112 444 4173 et
462 4099 577 4173 labori
604 4084 1023 4197 pepercissefquum'id‘
1042 4096 1078 4166 in
1103 4093 1221 4165 animo

105 4211 291 4288 habuerim
330 4240 468 4314 semper
502 4229 541 4289 ut
575 4207 749 4313 quidquid
787 4214 1030 4311 susceperim,
1068 4207 1221 4297 catholi-

106 4351 183 4403 cam
209 4325 406 4406 doctrinam
424 4334 560 4409 sincero
577 4332 739 4423 haustam
761 4328 1020 4421 ionte'meli'o'r‘i
1042 4316 1221 4423 quapos-
