2872 5062
160 364 205 438 tt
376 382 438 434 nrt.
455 383 478 441 r.
501 381 587 433 sior.
609 382 632 431 ι.
649 381 688 430 ur
707 376 1074 431 airmasrcmmrro.

86 563 89 568 .
122 527 124 530 ·
157 531 218 604 per
241 501 356 578 orbem
380 502 574 576 uuiversum
600 498 832 585 instituerunt,
859 517 1005 595 cumque
1025 496 1112 569 mira
1127 515 1275 571 consen-

158 620 255 706 sione
283 617 531 695 matrimonium
563 615 650 690 iuter
679 628 887 692 sacramenta
912 637 933 683 a
964 610 1098 684 Christo
1130 611 1274 693 Domino

158 734 339 822 instituta,
370 732 528 831 illiusque
553 728 811 804 administrandi
834 729 921 813 ritus
950 727 994 799 ab
1016 726 1273 801 immemorabili

157 848 349 949 descriptus
377 846 565 923 inueniatur
594 860 665 920 tum
695 843 730 917 in
754 841 1029 920 Sacramentariit
1059 841 1276 922 sedecimum

157 961 429 1049 occidentalium,
460 977 530 1034 tum
555 961 591 1032 in
617 957 1025 1058 Euchclogiisssecclesiae
1044 982 1212 1053 graecae,
1243 973 1278 1037 ot

156 1078 384 1166 ecclesiarum
404 1074 554 1149 omnium
583 1072 819 1159 orientalium,
854 1091 997 1171 pronum
1021 1088 1075 1145 est
1098 1071 1275 1168 colligere,

112 1211 114 1215 “
157 1191 311 1294 proutab
325 1189 422 1264 initio
437 1191 699 1277 constituimus,
711 1205 864 1265 constare
883 1187 1135 1265 evidentissime
1151 1187 1276 1287 quouis

157 1324 306 1406 tempore
322 1305 498 1390 ecclesiam
512 1306 705 1381 universam
720 1305 906 1385 doctrinam
922 1304 1029 1390 hano,
1051 1303 1153 1377 immo
1174 1303 1276 1383 fidem

157 1421 345 1520 professam
363 1440 439 1496 esse
459 1421 594 1520 publice
615 1420 893 1506 acsolemniter,
923 1418 1173 1495 matrimonium
1199 1433 1276 1495 rete

158 1551 193 1609 et
215 1535 351 1634 proprie
374 1561 452 1608 esse
476 1551 743 1622 sacramentum,
764 1553 826 1609 seu
843 1534 978 1631 signum
994 1532 1113 1606 efficax
1131 1532 1272 1631 gratiae.

232 1650 329 1737 Quod
355 1651 385 1727 si
411 1649 490 1724 talis
514 1650 579 1725 fuit
608 1650 697 1747 iugis
722 1676 762 1726 eo
787 1651 949 1750 perpetua
977 1649 1141 1724 ecclesiae
1165 1647 1273 1755 fidu,

160 1792 237 1841 oum
261 1766 424 1841 ecclesias
449 1782 562 1864 patres
588 1766 681 1839 iuxta
706 1766 807 1840 fidem
828 1764 973 1865 quaein
994 1764 1120 1838 eadem
1133 1764 1278 1841 ecclesia

159 1881 294 1979 vigebat
318 1882 535 1981 scripserint,
563 1898 623 1955 aut
648 1881 772 1956 inerint
795 1873 919 1968 locuti,
941 1882 1013 1955 'hcc
1038 1881 1115 1980 ipsc
1141 1880 1276 1956 illorum

158 1997 351 2073 testimonia
368 2024 455 2098 quae
472 1997 632 2096 ambigua
647 1997 759 2072 videri,
773 2015 933 2098 possunt,
950 1997 1205 2095 locutionesque
1219 1995 1279 2072 ob.-

158 2134 295 2199 scurae,
317 2137 473 2213 quaeque
498 2138 559 2211 per
583 2136 621 2186 se
646 2113 758 2187 minus
783 2128 900 2190 essent
918 2127 1019 2210 aptae
1040 2111 1085 2184 ed
1104 2128 1176 2188 rem
1194 2125 1277 2190 ton·

158 2229 353 2316 finiendam,
375 2256 416 2302 ox
434 2229 572 2328 cognita
589 2229 753 2307 ecclesiae
775 2229 842 2305 fida
862 2255 984 2303 novam
1006 2228 1115 2306 lucem
1136 2253 1277 2303 novum—

157 2364 224 2443 que
257 2345 361 2422 robur
388 2346 580 2444 acquirunt,
605 2347 721 2419 Patres
756 2331 845 2419 onim
880 2344 1020 2442 perinde
1053 2369 1094 2418 ac
1127 2343 1171 2419 de
1188 2342 1278 2419 *abia

158 2459 327 2547 articulis,
355 2459 415 2558 qui
440 2475 559 2557 postea
582 2461 617 2537 in
643 2460 784 2535 dubium
810 2459 954 2534 revocati
980 2474 1077 2546 sunt,
1106 2459 1153 2535 ita
1176 2458 1279 2535 atium

158 2573 201 2656 do
234 2572 337 2645 huius
374 2573 574 2646 sacramenti
607 2573 746 2651 veritate
775 2572 880 2651 veluti
911 2573 1069 2653 omuibus
1102 2588 1279 2670 perspectu

158 2703 259 2786 atque
283 2713 304 2760 a
327 2687 458 2760 cunctis
483 2687 632 2769 admissa
658 2702 737 2767 sunt
762 2688 879 2774 locuti;
902 2706 1012 2787 neque
1037 2712 1198 2786 umquam
1224 2687 1278 2761 di·

159 2816 248 2874 recta
272 2822 346 2874 eam
372 2801 438 2874 sibi
461 2802 703 2876 adstruendam
727 2820 962 2902 sumpserunt,
983 2802 1083 2901 quasi
1101 2802 1197 2880 deire
1214 2801 1278 2879 du·

157 2914 216 2989 bia
245 2932 409 3012 ageretur.
441 2916 585 3003 Quoties.
605 2932 786 3016 propterea.
804 2917 976 2993 disserunt
1001 2918 1043 2989 de
1068 2915 1198 3015 nuptiis
1224 2941 1279 2996 oe·

158 3029 329 3108 lebrandis
358 3053 436 3105 cum
471 3031 677 3106 conscientia
715 3032 885 3131 episcopi,
920 3032 963 3111 de
996 3031 1230 3113 benedictione
1259 3058 1280 3104 a

158 3145 299 3231 Domino
313 3147 446 3246 nuptiis
456 3146 645 3246 impertita,
667 3147 710 3227 de
733 3148 872 3246 copioso
896 3147 1033 3245 gratiae,
1047 3157 1185 3232 munero
1209 3146 1278 3227 illie

159 3261 308 3349 adnexo,
331 3263 482 3362 quoties,
504 3263 661 3361 inquam,
682 3261 785 3336 hasce
810 3263 935 3336 aliasve
960 3262 1089 3336 similes
1115 3261 1278 3335 formulas

158 3393 342 3477 usurpant,
372 3377 470 3450 toties
496 3377 724 3450 testimonium
751 3378 929 3477 perhibent
947 3376 1078 3467 veritati
1092 3402 1198 3477 quam
1224 3402 1280 3480 ec-

159 3482 263 3566 olesia
287 3519 352 3565 usu
379 3492 454 3591 ipso
479 3518 517 3565 ao
543 3492 638 3591 praxi
663 3493 860 3592 quotidiana
885 3498 964 3567 ante
986 3491 1137 3566 omnium
1161 3490 1278 3567 oculos

159 3621 445 3705 conspectumque
470 3605 698 3705 profitebatur.

104 3754 108 3760 *¹
233 3717 365 3807 Quibus
390 3719 597 3820 praemissio,
627 3721 714 3793 nihil
731 3720 823 3795 aliud
841 3738 1014 3820 superest,
1035 3737 1136 3821 quam
1153 3735 1191 3819 ut
1207 3709 1280 3794 sin·

159 3832 290 3930 gularia
314 3835 480 3934 quaedam
507 3851 639 3933 patrum
664 3835 853 3910 testimonia
870 3861 909 3908 ac
926 3836 1027 3907 effata
1052 3833 1274 3934 proferemus.

161 3949 321 4041 Quamvis
353 3975 433 4023 vero
464 3976 504 4022 ea
535 3951 710 4024 notissima
740 3951 827 4038 sint,
863 3951 1080 4049 omniumque
1110 3971 1203 4048 pene
1221 3938 1279 4022 cre

160 4064 254 4152 trita,
285 4079 385 4163 atque
409 4091 431 4137 a
455 4063 618 4162 theologis
644 4064 818 4141 catholicis
844 4054 971 4141 iamdiu
993 4065 1147 4151 collecta,
1170 4091 1212 4136 ne
1229 4081 1280 4139 ta·

159 4194 236 4282 men
260 4180 435 4281 quidpiam
454 4180 697 4281 adpleniorem
730 4181 960 4280 probationem
986 4180 1148 4254 aduersus
1175 4180 1279 4254 huius

160 4288 320 4394 temporis
334 4294 522 4372 haereticos
543 4294 768 4384 desideretur,
791 4295 850 4396 qui
869 4295 982 4383 adhuc
1003 4295 1198 4396 pugnaciter
1219 4294 1279 4368 de-
