2872 5062
239 365 1134 438 ιιι.ιι.ιιιιιιι.ιιιιι.ιιιιιιιιι.ιιιι.ιιιι.ιιιιιιιιιιιι.
1191 364 1259 432 115

157 518 251 576 nunt.
267 504 374 599 Negat
392 500 481 573 enim
500 484 693 574 Theodorus
711 527 751 573 ex
769 516 901 599 patrum
918 517 952 574 et
967 501 1181 602 conciliorum
1199 482 1263 575 tru-

155 616 280 689 ditione
304 613 560 713 impertiendam
577 641 654 688 esse
670 639 691 686 a
706 615 877 689 sacerdote
894 616 1036 713 digamis
1054 642 1093 689 ac
1111 617 1262 714 trigamis

90 721 94 729 ⁴
155 730 420 804 benedictionem
444 744 478 801 et
502 729 765 816 coronationem,
786 755 826 802 eo
844 732 969 830 quod
960 732 1015 803 rsti
1041 731 1263 858 poenitentiae

156 843 417 929 subiicerentur,
436 857 470 916 et
494 842 712 915 nibilominus
737 843 881 916 affirmat
903 869 983 917 vera
999 870 1075 917 esse
1092 844 1260 947 coniugia.

156 982 242 1056 quae
266 983 288 1028 a
311 954 456 1052 digamis
490 955 745 1055 polygamisque
777 956 978 1031 successivis
1007 956 1259 1030 contrabuntur

156 1072 243 1168 Ergo
263 1069 361 1143 hoc
352 1095 428 1167 rpso
451 1070 598 1143 declarat
615 1096 652 1143 se
668 1095 709 1143 ex
726 1070 902 1176 traditione
918 1087 1050 1171 patrum
1067 1071 1190 1145 babere
1206 1071 1265 1144 be-

156 1183 376 1258 nedictionem
393 1171 631 1257 sacerdotalem
648 1183 697 1255 uti
714 1184 951 1272 ceremoniam,
972 1211 1059 1290 quae
1076 1183 1204 1257 accedit
1220 1183 1263 1256 ad

156 1288 401 1373 sacramentum
426 1297 648 1385 matrimonii,
668 1323 735 1370 non
757 1312 867 1405 tamen
892 1325 952 1398 per
974 1325 1048 1373 eam
1074 1299 1264 1396 coniugium

156 1411 284 1512 perfici.
314 1409 540 1486 Nihilominus
568 1413 719 1517 insinuat
746 1427 825 1517 post
856 1425 961 1517 unum
986 1413 1173 1518 alterumve
1205 1438 1266 1485 an-

158 1552 236 1598 num
242 1524 399 1624 ,expleta
412 1525 540 1599 scilicet
540 1513 775 1633 poenitentia,
797 1551 899 1632 posse
911 1541 945 1600 et
961 1525 1104 1624 digamis
1121 1552 1142 1597 a
1159 1551 1267 1599 sacer-

156 1641 233 1717 dote
257 1640 555 1715 benedictionem
545 1642 730 1741 impertiri,
758 1667 847 1770 quae
869 1641 1011 1717 dabatur
1038 1642 1262 1738 monogamis,

157 1781 218 1829 seu
242 1780 332 1828 anno
355 1778 462 1853 eoque
486 1754 665 1853 amplius
655 1783 691 1861 m
716 1755 871 1864 coniugio
891 1769 1071 1829 transacto
1095 1753 1267 1861 Quidcla-

158 1864 366 1964 ιὶιιι(22)ἳ

227 1981 314 2055 Cum
339 1976 479 2080 proinde
503 1981 607 2071 salso,
626 1998 664 2056 ut
680 1983 793 2070 aiunt,
813 1980 990 2093 supposito
1015 1997 1083 2057 tota
1106 1969 1268 2055 innitatur

157 2120 245 2194 quae
269 2111 499 2194 superstmeta
522 2111 576 2170 est
599 2095 704 2170 moles
736 2096 1057 2192 argumentationis,
1091 2121 1160 2195 qua
1184 2087 1268 2168 Cani

158 2224 340 2284 sectatores
364 2209 475 2284 adnisi
500 2225 578 2284 suut
601 2209 776 2284 ostendere
801 2237 842 2282 ex
862 2210 921 2309 pia
941 2209 1141 2308 antiquitate
1164 2208 1269 2281 bene·

158 2320 337 2398 dodonem
354 2317 538 2397 sacerdotis
555 2322 828 2397 sacramentalem
846 2347 923 2395 esse
933 2347 1065 2422 ,eaque
1076 2346 1268 2397 sacramen-

160 2451 228 2511 tum
244 2436 366 2512 confici
382 2435 600 2524 matrimonii,
621 2464 687 2512 non
704 2435 901 2537 estquod
878 2464 921 2512 ns
946 2435 1160 2550 refellendis,
1181 2461 1269 2536 quae

160 2552 336 2654 proposita
361 2569 460 2641 sunt,
460 2548 657 2627 diutius
648 2578 875 2627 immoremur.

230 2669 299 2742 Nee
322 2667 470 2742 uerenda
493 2682 573 2741 sunt
596 2668 664 2740 duo
688 2666 763 2753 illa,
792 2693 879 2765 quae
902 2659 1039 2763 urgent,
1048 2664 1270 2739 incommoda

163 2780 220 2854 isti
254 2762 413 2879 theologi.
446 2781 518 2855 Non
553 2779 726 2880 primum,
759 2781 849 2879 quod
883 2780 1033 2854 scilicet
1043 2776 1137 2853 nullo
1171 2780 1271 2853 modo

164 2894 248 2969 ratio
278 2895 373 2970 reddi
404 2910 538 2995 posset,
566 2922 670 2995 quare
703 2911 816 2994 patres
841 2910 875 2968 et
898 2892 1040 2969 concilia
1068 2908 1116 2967 tot
1143 2887 1269 2966 extule-

162 3009 229 3113 rint
243 3008 401 3085 laudibus
417 3010 683 3085 benedictionem
707 3009 966 3097 sacerdotalem,
986 3009 1016 3082 si
1035 3034 1109 3082 eam
1134 3006 1270 3080 nonnisi

163 3125 217 3199 uti
235 3122 346 3199 ritum
361 3141 396 3201 et
418 3125 639 3200 ceremoniam
667 3119 814 3199 vacuam
837 3118 1068 3224 spectassent3
1103 3122 1270 3222 siquidem

163 3237 387 3340 nos‘prolatis
411 3241 618 3315 documentis
647 3240 808 3315 rationem
836 3239 969 3314 obviam
994 3237 1096 3312 buius
1121 3236 1169 3309 rei
1195 3235 1273 3309 red-

164 3354 311 3429 didimus
340 3351 482 3456 eamque
510 3354 744 3455 multiplicem,
773 3354 855 3453 quin
880 3377 1077 3450 cogeremur
1104 3344 1280 3425 affirmare·

164 3466 276 3542 eontra
299 3465 450 3568 apertam
472 3468 644 3544 ueritatem
669 3462 853 3567 ita‘patres
878 3494 919 3541 se
940 3466 1105 3564 gessisse,
1126 3458 1269 3566 (predia

164 3581 348 3656 sacerdotis
364 3581 597 3657 benedictione
614 3598 742 3682 partem
754 3580 967 3657 essentialem
985 3581 1189 3655 sacramenti
1202 3604 1279 3653 ma·

165 3695 310 3771 trimonii
334 3694 561 3794 ‘agnoverim⁴
576 3697 726 3773 rationes
747 3721 826 3772 vero
849 3695 1019 3770 eiusmodi·
1039 3710 1119 3769 sunt
1141 3709 1212 3768 tum
1235 3707 1274 3766 ut

235 3907 288 3973 (aa)
303 3909 512 3963 suminatam
520 3909 662 3962 Theodorias
671 3910 719 3961 loc
727 3909 832 3973 eitpng
841 3912 896 3961 tet.
905 3903 1282 3972 «Postqucmpoenitentiamt

166 3986 345 4038 etdivinorum
358 3984 487 4045 muneraret
503 3988 715 4052 perticipationem
727 3986 854 4040 obtineant
865 3986 1000 4052 (digami).
1011 3984 1117 4048 indeque
1127 3982 1274 4034 benedictio·

167 4066 309 4118 uamveiut
321 4065 350 4116 in
364 4066 521 4119 compatione
534 4057 644 4120 infcriori
659 4066 766 4130 quodam
787 4063 1123 4130 moriopostinduigentiam.
1135 4060 1281 4112 Benedictio

168 4145 230 4196 euim
240 4147 279 4196 est
289 4159 389 4210 munus,
397 4148 452 4199 um
462 4147 537 4197 etism
546 4149 572 4199 et
580 4147 702 4211 specimen
713 4145 894 4199 coniunctionis
902 4154 946 4211 per·
956 4143 1121 4205 secerdotmu,
1128 4154 1157 4192 eo
1166 4139 1234 4205 quod
1243 4153 1281 4191 aa
1345 4197 1347 4202 ,

169 4233 195 4270 ω
206 4223 316 4288 tempore
326 4236 376 4275 non
386 4224 545 4295 probibentur
561 4239 618 4277 cum
634 4225 666 4277 iis
672 4239 735 4290 ‚qur
728 4225 778 4276 ad
789 4224 911 4276 mundas
926 4222 1066 4284 convolant,
1077 4220 1203 4303 convesci,
1224 4231 1276 4290 non

172 4302 579 4370 maumam-memus
1205 4374 1228 4422 3
