2872 5062
295 362 415 420 orno.
432 364 473 412 or
490 364 584 422 ιιιιιι.
605 363 670 414 ιιι.
693 364 776 428 oruc.
799 366 836 417 ar
853 365 974 433 rocca·
987 367 1057 418 ιιι.
1074 367 1109 416 ιι.
1204 345 1274 418 tit

167 505 279 580 usque
295 479 338 552 ad
356 494 524 578 postrema
541 479 792 579 haec-tempora
816 483 985 581 turpitudo
1007 483 1125 580 alege
1147 487 1278 561 sancita

169 594 319 669 nondum
336 609 406 681 est,
427 609 572 668 attamen
589 653 597 681 ,
617 610 654 668 ut
670 597 827 697 superius
844 597 1009 684 vidimus,
1030 625 1051 671 a
1068 625 1135 672 non
1157 602 1275 698 paucis

165 708 362 783 doctoribus
387 710 646 807 protestantibus
672 711 856 784 adstruitur
881 726 1051 810 tamquam
1076 712 1186 799 licita,
1217 740 1277 787 nec

167 823 293 897 desunt
314 821 374 922 qui
398 845 514 896 revera
538 823 574 894 in
599 825 729 922 praxim
754 825 933 898 deducant.
965 824 1062 910 Quod
1090 828 1120 898 si
1154 826 1277 901 alicubi

168 935 428 1011 mormonismus
453 938 687 1026 invalesceret,
709 941 824 1039 procul
842 939 945 1014 dubio
964 941 1076 1041 veleb
1094 942 1170 1039 ipsa
1186 942 1276 1015 ciuili

166 1051 242 1148 lege
267 1051 391 1125 sanciri
418 1051 555 1126 deberet
578 1055 666 1148 (32).

159 1226 162 1231 .
238 1167 423 1240 Praetioam
454 1193 553 1266 porro
578 1168 666 1242 banc
689 1171 944 1267 protestantium
969 1171 1090 1268 agendi
1116 1176 1277 1245 rationem

129 1328 133 1336 ·
159 1299 339 1381 tamquam
357 1309 379 1354 a
399 1282 512 1357 radice
538 1309 600 1356 sua
624 1284 758 1381 prodire
782 1311 823 1357 ex
847 1311 887 1366 eo
912 1286 1003 1384 quod
1027 1286 1277 1359 matrimonium

165 1397 267 1476 unice
292 1411 460 1494 spectetur
476 1397 527 1469 uti
547 1413 737 1472 contractus
751 1399 878 1486 civilis,
895 1400 1021 1497 ambigi
1035 1402 1163 1500 nequit.
1185 1395 1277 1474 llaec

160 1525 278 1583 autem
302 1511 519 1583 sectariorum
546 1511 668 1608 agendi
685 1513 772 1586 ratio
788 1540 829 1586 ex
846 1540 934 1601 nova
950 1515 1102 1588 doctrina
1126 1514 1276 1614 profecta

168 1623 373 1722 pedetentim
398 1651 435 1697 se
451 1651 490 1698 se
509 1624 693 1699 insinuavit
709 1627 744 1698 in
762 1628 1102 1727 pseudopolitioorum
1129 1630 1272 1703 animos.

158 1739 209 1811 ‚lli
234 1754 418 1837 coeperunt
442 1740 616 1812 commoda
642 1741 819 1830 admirari,
840 1769 928 1843 quae
946 1744 982 1814 in
1000 1744 1192 1816 societatem
1210 1743 1276 1816 sibi

164 1852 365 1926 videbantur
389 1853 534 1926 derivari
560 1879 661 1952 posse
687 1882 728 1926 ex
751 1844 876 1928 blanda
893 1873 926 1928 et
942 1857 1033 1930 laoili
1059 1858 1180 1931 horum
1199 1884 1276 1932 con-

161 1966 336 2063 iugiorum
355 1967 593 2056 dissolutione,
614 1995 702 2066 quae
726 1971 810 2042 adeo
835 1971 924 2045 lavet
948 1972 1208 2070 cupiditatibus,
1239 2000 1279 2046 ac

157 2087 302 2161 demum
328 2085 421 2169 illam
442 2087 542 2160 etiam
567 2089 651 2161 inter
673 2086 856 2161 catholicos
880 2111 1065 2184 propagare
1088 2088 1180 2159 omui
1205 2102 1276 2160 stu-

157 2201 222 2274 dio
248 2216 416 2275 eurammt.
438 2203 557 2300 ltaque
581 2216 711 2275 constat
736 2226 803 2274 non
834 2199 990 2287 aliunde,
1019 2226 1121 2298 quam
1146 2226 1166 2271 a
1191 2226 1276 2299 pro-

159 2317 378 2394 testantismo
387 2317 550 2414 originem
563 2317 757 2415 nuptiarum
766 2314 916 2388 civilium
926 2340 1002 2404 esse
1011 2314 1271 2412 agnoscendam.

158 2474 184 2510 μ
234 2430 394 2505 Remanet
409 2445 447 2503 ut
464 2429 529 2504 hoo
554 2430 666 2528 ipsum
691 2454 781 2500 nunc
805 2428 953 2528 denique
977 2428 1215 2505 confirmemus
1233 2455 1274 2500 er

156 2543 278 2619 indole
303 2571 365 2627 seu
389 2544 582 2619 charactere
599 2571 738 2632 eorum,
760 2544 818 2644 qui
843 2543 989 2616 maxime
1014 2544 1134 2618 horum
1159 2544 1277 2617 coniu-

156 2660 300 2757 giorum
327 2659 478 2735 civilium
507 2662 543 2731 in
568 2657 808 2744 catholicorum
843 2659 1036 2756 regionibus
1069 2660 1215 2734 lautores
1244 2676 1304 2748 61Ι

162 2789 316 2851 auomres
341 2789 431 2861 sunt,
456 2790 515 2846 aut
539 2773 684 2847 luerunt.
706 2775 754 2845 Ne
779 2790 890 2848 tamen
918 2773 954 2844 in
980 2800 1096 2846 omnes
1122 2775 1277 2848 indiscri-

156 2877 316 2961 minatim
341 2888 587 2968 accusationem
609 2887 852 2987 provehamus,
873 2903 974 2988 atque
991 2888 1192 2961 calumniam
1211 2890 1274 2960 im-

160 3017 298 3102 portare
318 3003 476 3078 emnibus
501 3003 689 3078 inconsulto
715 3004 912 3089 videamur,
942 3003 1186 3102 praemittimus
1212 3028 1274 3077 nos

154 3178 229 3255 'pulis
239 3191 345 3254 opimius
358 3196 415 3257 suos
428 3190 553 3241 consuluit
562 3193 673 3254 pastores
684 3190 850 3253 evangelicos,
862 3189 905 3252 qui
915 3188 973 3238 idei
984 3187 1117 3238 concedere
1128 3200 1177 3238 non
1189 3188 1275 3239 abnue

159 3273 232 3322 not.
248 3271 289 3322 ot.
303 3270 433 3334 svogodro
443 3284 484 3335 op.
495 3271 537 3320 cit.
548 3283 573 3334 p.
585 3275 624 3321 ³7.
636 3271 662 3320 in
674 3271 740 3320 nota
754 3273 791 3320 lix
805 3269 845 3321 his
860 3269 929 3332 patet
941 3267 1002 3330 quid
1017 3281 1033 3317 a
1048 3267 1134 3319 ceteris
1149 3271 1276 3331 esocem

158 3350 224 3403 ,ᾶιιιιι
230 3348 275 3400 sit.
285 3351 358 3401 certe
368 3349 394 3400 in
404 3349 499 3414 melica
508 3348 664 3411 ephemeride
675 3346 897 3412 Weetlprepister
906 3353 945 3397 19.
952 3346 1025 3395 Mart.
1035 3352 1101 3396 rste.
1112 3345 1200 3409 legitur
1207 3346 1276 3398 iuxta

164 3428 304 3485 versionem
313 3418 506 3492 gallicamz'«Le
515 3426 578 3477 mois
587 3427 618 3476 de
628 3429 694 3476 Mars
703 3425 813 3476 derniers
828 3438 877 3474 aur
893 3425 981 3474 assises
992 3423 1022 3473 de
1034 3422 1164 3487 Liverpool
1171 3460 1179 3486 ,
1189 3423 1213 3475 le
1220 3424 1278 3488 lupe

164 3508 316 3570 coeunte,
327 3521 375 3572 que
385 3508 421 3559 tes
430 3520 474 3558 cos
482 3507 516 3557 de
525 3505 631 3570 otpamm
641 3505 786 3556 devenaient
795 3506 997 3556 escmstoement
1014 3503 1174 3564 ammones
1185 3505 1221 3555 ies
1234 3517 1276 3554 cas
1327 3544 1328 3549 ,

156 3587 195 3640 .de
203 3586 431 3653 impertientem,
443 3587 588 3650 ajouter-ii,
598 3600 625 3638 se
635 3586 774 3650 presentant
783 3585 986 3649 irequemmeot.»

238 3667 289 3731 (³2)
304 3669 333 3716 ln
346 3669 454 3717 Untoem
466 3674 491 3718 et
499 3705 504 3717 .
513 3667 599 3717 initiet
610 3673 678 3717 1856.
687 3666 775 3728 legitur
786 3679 815 3716 ex
828 3665 946 3715 relatione
955 3664 1118 3729 ephemeridis
1131 3663 1277 3715 taurinensis

160 3747 301 3808 Armonio,
309 3736 449 3796 Mormooes
459 3758 488 3795 ae
498 3746 660 3808 protestantes
673 3745 796 3807 dumetae
804 3744 966 3794 Taurinorum
982 3744 1159 3794 commorantes
1172 3742 1236 3792 inter
1248 3753 1275 3791 se

160 3825 309 3881 warine
324 3824 357 3876 ad
375 3825 535 3877 obtinendum
544 3838 560 3876 a
570 3825 687 3888 regimine
698 3823 800 3887 politico
809 3837 900 3873 norum
911 3824 1045 3875 amonium
1054 3823 1081 3872 in
1090 3821 1196 3885 tegibus,
1206 3821 1274 3887 poty-

161 3904 258 3970 gamise
273 3903 465 3956 introducendae
475 3918 564 3969 causa,
577 3907 620 3954 aut
630 3904 660 3954 ad
674 3903 852 3955 conciliandam
862 3903 1025 3969 polygamiam
1040 3916 1097 3952 cnm
1109 3901 1202 3964 legibus
1218 3900 1273 3950 sob-

110 4039 113 4043 ,
162 3982 263 4057 alpinis·
275 3984 363 4034 omnia
373 3983 405 4034 ad
413 3983 562 4034 credendum
572 3983 706 4047 inducunt,
719 3984 787 4047 quod
796 3984 873 4034 veiint
881 3983 969 4034 otierre
978 3982 1090 4033 ministro
1100 3980 1167 4030 Dela
1176 3982 1275 4030 Foresta

153 4063 305 4128 *puefflgrne
319 4064 390 4116 mon
406 4064 519 4127 specialis
535 4064 704 4117 introducendi
715 4065 741 4114 iu
752 4077 842 4122 mrem
859 4064 936 4127 legem
956 4060 1106 4114 matrimonii
1118 4060 1211 4122 civilis,
1229 4060 1274 4124 qui

153 4134 301 4212 ,mutineret
317 4144 501 4208 disposituros,
515 4144 604 4207 quibus
619 4142 787 4194 Mormonibus
802 4143 876 4193 etiem
895 4141 1067 4193 concederetur
1081 4139 1153 4204 plena
1168 4139 1273 4189 facultas

161 4221 324 4274 oontrshendi
343 4223 499 4273 matrimonia
518 4222 587 4272 iuxta
603 4222 722 4286 principia
740 4222 858 4273 libertatis
873 4219 1184 4279 onerosissimum,
1202 4217 1272 4268 mini·

153 4303 242 4353 orum
257 4302 426 4366 comparatum
442 4301 477 4351 ita
492 4300 575 4352 animo
589 4313 651 4362 esse,
664 4302 694 4352 ut
705 4300 786 4353 terem
797 4300 918 4353 memmae
932 4299 1044 4351 ιιιιηιιιιι
1055 4297 1171 4349 libertati.
1200 4346 1221 4422 df,
1252 4344 1257 4354 ,
