2872 5062
157 351 225 422 tos
354 371 416 421 ura.
438 369 461 420 1.
482 367 568 418 seer.
590 368 615 417 r.
637 367 677 417 na
694 365 825 418 sireis.
848 363 1063 417 sscmsasrc.

156 490 319 590 pientium
337 487 603 588 ‘dispositionem
620 483 780 557 detestari
799 482 841 555 ad
864 508 940 555 eum
959 481 1109 568 modum,
1129 507 1199 582 quo
1215 482 1286 558 de·-

156 619 297 677 tcstatur
321 601 600 687 communionem,
632 614 688 671 aut
714 597 959 671 conlassionem
986 596 1198 694 sacrilegam.

228 717 356 792 Obiicit
380 722 551 817 praeterea
577 711 781 787 matrimonii
802 727 1007 785 contractum
1025 736 1093 785 non
1110 711 1274 810 distingui

156 862 176 908 u
196 848 425 920 sacramento,
442 831 614 906 etidcirco
632 830 661 904 si
679 828 844 903 ecclesiae
865 826 1007 901 facultas
1029 853 1097 901 non
1116 829 1279 928 competit

157 949 309 1023 mutandi
341 947 567 1033 sacramenti,
598 970 709 1045 neque
736 945 861 1046 pariter
890 941 1032 1018 facultas
1056 944 1088 1016 ei
1119 959 1278 1045 suppetet

156 1064 307 1138 mutandi
325 1078 514 1136 contractus
528 1091 536 1149 ;
557 1076 614 1135 aut
630 1074 718 1134 certe
731 1086 772 1132 ea
783 1058 923 1133 mutatio
940 1058 1104 1159 spectabit
1120 1059 1166 1133 ad
1182 1060 1279 1160 prin·

157 1180 266 1279 cipem
296 1179 441 1266 laicum,
470 1178 525 1252 cui
552 1177 731 1252 suhiicitur
759 1192 952 1250 contractus
977 1201 1045 1275 qua
1069 1190 1274 1251 contractus.

159 1296 208 1367 lta
232 1293 371 1394 quidem
397 1294 554 1394 Sarpius,
575 1293 634 1393 qui
657 1292 735 1365 heic
750 1291 875 1392 pariter
891 1316 958 1364 non
976 1291 1120 1364 advertit
1135 1317 1196 1391 per
1211 1290 1281 1366 hoc

159 1409 435 1509 impedimentum
453 1434 520 1482 non
537 1408 656 1506 attingi
677 1423 901 1493 contractum,
921 1431 982 1479 neo
1001 1406 1146 1506 proinde
1164 1432 1278 1482 sacra·

159 1538 330 1612 mentum,
349 1523 412 1597 scd
431 1548 595 1623 personas
619 1522 874 1609 contrahentes,
896 1546 985 1619 quae
1009 1518 1180 1597 inhabiles
1205 1521 1280 1595 red-

160 1640 284 1714 duntur
308 1640 351 1713 ad
374 1639 660 1726 contrahendum,
681 1639 748 1712 nisi
775 1653 976 1711 concurrant
999 1635 1211 1711 conditiones
1236 1637 1281 1712 ab

160 1755 304 1830 ecclesia
322 1771 480 1829 statutae.
501 1755 598 1842 Quod
619 1779 700 1828 uero
722 1753 860 1827 subiicit
875 1753 918 1826 de
939 1753 1092 1852 principe
1111 1751 1211 1842 laico,
1236 1751 1282 1827 ad

161 1895 261 1970 quem
276 1885 405 1970 spectat
421 1869 587 1944 moderari
607 1882 812 1942 contractum
829 1882 867 1940 ut
883 1883 1109 1957 contractum,
1126 1892 1190 1943 suc
1205 1866 1281 1943 loco

162 1985 404 2085 expendemus.

236 2100 356 2174 lrridct
380 2101 478 2175 tertio
504 2099 577 2174 loco
602 2125 702 2174 voces
728 2098 806 2171 illas
831 2125 851 2171 u
878 2097 1026 2198 parocho
1042 2124 1082 2171 ex
1100 2098 1284 2173 tridentino

163 2214 374 2289 adhibendas
401 2214 436 2286 in
463 2215 529 2288 ritu
555 2214 714 2315 nuptiali:
731 2215 802 2311 1390
827 2239 884 2286 occ
909 2214 1305 2314 0001009000,οψοι

161 2355 221 2403 eas
246 2355 346 2404 voces
372 2357 438 2404 uon
461 2331 529 2405 alio
551 2332 687 2404 tendere
710 2345 878 2417 autumat,
899 2329 968 2402 nisi
987 2345 1025 2402 ut
1044 2328 1139 2403 hrevi
1159 2328 1294 2426 dcgma⁴

163 2445 242 2517 fidei
261 2445 468 2519 conficiatur
491 2472 551 2519 eas
575 2471 653 2519 esse
677 2445 818 2519 formam
844 2444 1056 2518 sacramenti.
1078 2444 1141 2518 Ast
1161 2469 1285 2545 perpe-

164 2584 253 2645 ram,
274 2584 314 2632 ac
331 2584 459 2632 secum.
472 2559 546 2659 ipse
571 2585 727 2657 pugnans
753 2559 817 2632 has
837 2584 942 2633 ¹voces
967 2558 1100 2632 deridet
1120 2560 1281 2660 Serpius,

164 2687 197 2744 et
216 2672 360 2771 imponit
378 2671 543 2760 concilio,
564 2673 644 2745 dum
663 2673 764 2746 linem
785 2673 907 2761 eidem,
925 2699 986 2746 seu
999 2673 1218 2748 intentionem
1235 2672 1286 2748 al-

165 2787 391 2886 fingit,.qua'e
416 2803 490 2860 erat
511 2788 648 2862 omnino
674 2788 778 2870 menti
804 2789 913 2889 ipsius
939 2788 1073 2864 concilii
1093 2789 1282 2877 contraria3

165 2905 362 3001 0000000010
387 2900 558 3002 siquidem
583 2918 655 2976 erat
679 2903 823 2977 concilio
841 2929 881 2976 cx
898 2903 1052 2978 eiusdem
1069 2903 1180 3005 Sarpii
1205 2928 1292 2979 con·-

165 3016 335 3103 sessione,
362 3015 573 3090 clandestina
597 3018 756 3116 coniugia
781 3016 919 3092 totidem
943 3043 1020 3092 esse
1045 3032 1283 3106 sacramenta,

166 3131 200 3202 in
226 3131 352 3232 quibus
371 3149 483 3205 tamen
504 3131 565 3206 illa
584 3133 763 3207 verborum
788 3134 931 3208 lormrda
954 3160 1022 3208 non
1044 3133 1282 3209 adhibebatur⁴

165 3245 310 3320 Adnotat
328 3263 438 3320 autem
457 3248 548 3322 card.
560 3248 818 3337 Pallavicinius,
839 3248 930 3349 quod
944 3248 975 3322 si
988 3248 1157 3350 parochus
1177 3248 1283 3323 dicit:

166 3359 238 3458 Epo
255 3387 312 3432 cos
329 3364 499 3461 oom‘uopo,
516 3362 619 3463 probe
637 3363 835 3463 intelligitur
851 3390 891 3436 ex
908 3363 1178 3451 conditionibus,
1199 3389 1290 3463 ques¹

167 3474 380 3564 libravimus,
396 3493 482 3551 etex
495 3479 635 3578 reliquis
652 3480 829 3568 omnihus,
858 3495 990 3579 tempus
1012 3477 1096 3552 illud
1123 3503 1295 3579 praesens

168 3594 337 3690 conionpo,
357 3619 434 3667 esse
453 3595 624 3694 quoddam
641 3612 774 3696 tempus
799 3595 944 3681 morale,
968 3607 1065 3696 prout
1082 3594 1223 3671 scholae
1238 3594 1292 3670 lo-

169 3724 329 3806 quuntur,
340 3710 480 3810 perinde
493 3737 532 3784 ac
546 3712 576 3784 si
590 3712 757 3811 parochus
774 3712 916 3786 diceret:
929 3711 972 3784 10
986 3712 1046 3784 1ιο’0
1064 3726 1131 3785 tcta
1144 3713 1286 3796 actione,

168 3851 249 3921 poce
262 3852 347 3897 0000
361 3828 554 3899 auctoritate
567 3854 638 3900 mcc
647 3842 784 3926 peracto
796 3844 859 3913 cst,
876 3854 933 3926 cqc
945 3853 1002 3900 cos
1015 3827 1176 3900 00010001
1191 3827 1284 3922 (48).

242 3941 291 4013 lte
317 3941 454 4042 quidem
482 3943 663 4042 respondet
688 3943 937 4018 Pallavicinius.
954 3943 1029 4016 Dici
1047 3957 1159 4017 tamen
1177 3955 1289 4042 potest

169 4056 375 4129 tantumdem
399 4056 511 4130 valere
535 4058 638 4131 verba
662 4058 737 4146 illa,
765 4083 852 4157 quae
872 4083 892 4131 a
912 4057 1086 4132 sacerdote
1110 4055 1290 4158 proferun-

171 4187 241 4242 tur:
263 4169 333 4268 Epc
350 4173 594 4272 0000010090,
616 4199 654 4247 00
676 4174 756 4248 ista:
778 4172 849 4272 Epo
866 4173 1029 4272 confirmo,
1050 4187 1160 4248 rotem
1187 4169 1286 4244 labec

244 4305 293 4368 (ts)
310 4305 363 4356 Lib.
375 4308 417 4358 ctt.
428 4310 514 4358 xxlll.
527 4321 581 4372 cap.
595 4311 635 4358 lx.
647 4321 672 4357 n.
687 4315 723 4359 15.
