2872 5062
264 345 333 396 mr.
347 345 391 396 rx.
404 345 444 395 or
461 344 579 396 xuouu.
598 345 656 396 mo
673 344 752 396 tuor
769 346 809 395 or
826 344 920 396 uxrn.
934 345 997 396 err.
1014 345 1084 398 mr.
1102 349 1113 397 r
1204 326 1273 399 stt

164 493 229 541 ceu
262 467 407 539 fructum
433 464 660 564 exquisitioris
692 464 908 538 humanitatis
935 464 1037 538 huius
1053 465 1136 539 aevi
1163 465 1274 565 plenis

164 583 283 657 buccis
310 580 533 681 proclamare,
554 607 665 654 nonne
683 580 743 653 tibi
763 581 797 652 in
816 596 959 654 mentem
985 580 1075 655 subit
1100 582 1273 656 oraculum

164 700 291 774 Christi
309 698 444 771 Domini
465 696 648 772 Salvatoris
668 697 796 770 nostri:
817 696 977 770 Attendite
990 723 1011 770 c
1024 697 1178 796 [excocto
1186 699 1275 798 plte·

162 819 344 889 pisaeorum
368 813 454 912 quod
478 828 525 886 est
551 814 761 914 hypocrisis?

235 929 396 1002 Secundo.
424 928 467 1001 At
490 928 653 1028 quidnam
678 928 869 1003 istiusmodi
896 928 1050 1002 homines
1075 929 1274 1027 significant

163 1047 228 1120 sub
244 1045 410 1120 libertatis
429 1045 657 1119 conscientiae
674 1044 814 1144 phrasi?
827 1044 978 1120 Profecto
991 1071 1057 1118 non
1071 1043 1165 1118 aliud
1183 1047 1275 1145 apud

163 1189 222 1238 eos
247 1162 313 1237 hoc
337 1162 474 1236 nomine
499 1161 727 1260 significatur,
756 1187 858 1261 quam
883 1160 974 1261 quod
1000 1159 1161 1235 haeretici
1196 1188 1274 1263 pro·

163 1294 345 1364 testantes,
373 1304 516 1378 quorum
542 1277 665 1376 spiritu
688 1304 729 1351 ac
754 1277 930 1378 principiis
957 1293 1137 1375 regnotum
1169 1305 1273 1378 quam

161 1393 254 1494 quod
267 1393 389 1467 abiecti
402 1393 566 1469 increduli
588 1393 725 1466 infimae
743 1393 884 1482 classis,
905 1394 1035 1468 scilicet
1051 1393 1269 1483 voltaeriani;

163 1535 268 1608 quam
290 1508 380 1607 quod
406 1508 634 1581 rationalistae
652 1509 831 1607 vulgares,
853 1509 933 1582 dum
955 1525 988 1583 et
1006 1508 1074 1610 ipsi
1094 1509 1157 1583 has
1174 1535 1274 1585 voces

162 1640 348 1723 usurpant,
368 1623 560 1720 designant.
580 1625 755 1698 Eiusmodi
773 1640 884 1698 autem
902 1624 1106 1723 significatio
1118 1624 1274 1698 bilariam

161 1738 341 1826 dividitur,
371 1738 501 1812 scilicet
525 1740 560 1811 in
586 1740 795 1838 negativam,
815 1741 901 1814 etin
922 1741 1122 1841 positivam3
1147 1756 1275 1816 utram·

160 1879 229 1953 que
253 1853 452 1951 singillatim
477 1856 707 1954 expendamus
732 1872 874 1954 oportet.
1077 1944 1079 1948 ‚

235 1969 274 2041 ln
301 1996 405 2043 sensu
429 1971 584 2068 negativo
607 1970 719 2045 verbis
747 1972 907 2044 libertatis
933 1972 1145 2045 conscientiae
1169 1970 1274 2068 signi·

160 2083 283 2171 licant,
299 2110 337 2158 se
350 2086 518 2159 neminem
540 2086 609 2184 pati
630 2085 737 2173 velle,
761 2087 820 2185 qui
846 2086 913 2160 sibi
938 2087 1148 2172 adversetur,
1170 2085 1274 2160 adeo·

159 2226 228 2300 que
253 2199 419 2273 libertatis
445 2201 580 2274 nomine
600 2200 758 2274 serendos
782 2228 858 2275 esse
883 2217 1006 2298 negant
1029 2226 1110 2288 eoS‚
1130 2201 1188 2299 qui
1215 2216 1273 2273 aut

158 2315 261 2390 dietis
283 2332 341 2390 aut
362 2317 460 2391 lactis
485 2333 655 2392 sectantur
678 2318 847 2417 principia
871 2319 1009 2392 omnino
1031 2316 1187 2417 opposita
1210 2315 1268 2403 iis,

158 2457 248 2531 quae
267 2432 324 2506 isti
352 2431 516 2507 libertatis
541 2449 726 2507 assertores
751 2434 960 2533 profitentur.
990 2433 1060 2509 llos
1085 2446 1206 2507 vocant
1229 2430 1273 2504 li-

158 2547 299 2621 bertatis
324 2548 499 2636 inimicos,
532 2575 658 2649 eosque
682 2549 814 2623 excludi
839 2547 956 2623 volunt
980 2576 1000 2623 a
1026 2547 1171 2649 publicis
1196 2547 1272 2622 offi-

159 2663 248 2750 ciis,
274 2689 297 2736 a
319 2664 514 2761 magisterio
537 2681 571 2738 et
594 2665 803 2740 institutione
832 2665 1013 2739 iuventutis
1047 2665 1081 2736 in
1114 2663 1236 2738 litteris
1259 2722 1268 2754 ,

161 2777 262 2853 bonis
295 2779 424 2854 artibus
449 2806 490 2853 ac
514 2780 696 2878 religione3
726 2780 857 2856 excludi
883 2807 942 2856 eos
966 2779 1082 2855 volunt
1106 2806 1128 2854 a
1151 2779 1273 2879 quovis

158 2893 379 2990 magistratu:
417 2896 632 2995 potissimum
660 2924 739 2972 vero
764 2898 936 2972 exclusum
960 2895 1075 2971 volunt
1106 2895 1269 2968 inlluxum

159 3007 335 3108 utriusque
347 3008 428 3082 cleri
445 3011 481 3082 in
503 3011 618 3110 populi
639 3038 768 3099 mores,
790 3012 1006 3110 disciplinam
1027 3025 1129 3107 atque
1149 3008 1272 3082 instru-

161 3126 326 3211 ctionem,
347 3139 384 3196 ut
408 3124 506 3197 liberi
520 3126 585 3226 ipsi
598 3126 734 3200 omnino
748 3126 832 3212 sint,
848 3125 950 3200 veluti
964 3151 984 3197 a
997 3121 1160 3221 spectris,
1183 3147 1272 3220 quae

158 3239 355 3339 perturbare
379 3265 438 3314 eos
462 3241 697 3340 quoquomodo
730 3257 889 3341 possent,
928 3239 1094 3338 taciteque
1127 3263 1268 3336 arguere

157 3369 190 3427 et
215 3355 520 3443 commonefacere,
547 3371 585 3428 ut
609 3383 647 3429 se
671 3355 933 3429 avertantaviis
947 3354 1124 3454 pessimis,
1146 3353 1271 3454 quibus

157 3469 315 3542 incedere
339 3471 475 3544 vellent.
507 3474 623 3571 ltaque
648 3470 812 3557 libertatis
837 3471 1063 3545 conscientiae
1088 3470 1186 3544 titulo
1213 3495 1272 3542 ne-

156 3583 283 3657 minem
310 3585 378 3660 sibi
404 3586 520 3660 volunt
550 3586 672 3673 verbo,
700 3602 757 3660 aut
783 3613 819 3659 re
843 3585 1095 3675 contradicere,
1124 3586 1270 3685 ideoque

155 3697 257 3772 bonis
282 3700 440 3774 omnibus
466 3728 543 3775 acre
568 3701 693 3774 bellum
717 3701 880 3774 indicunt.
911 3703 1027 3799 Neque
1054 3701 1120 3773 hoc
1144 3724 1268 3773 novum

157 3828 231 3900 est;
261 3814 346 3889 tales
371 3832 466 3888 erant
490 3816 624 3890 duobus
650 3831 709 3889 aut
732 3832 782 3888 ter
807 3815 1049 3888 milleabbinc
1067 3814 1186 3900 annis,
1207 3812 1267 3912 qui

156 3928 289 4001 iamdiu
320 3930 408 4004 hauc
441 3932 594 4004 eamdem
628 3931 815 4004 libertatem
843 3930 1066 4004 conscientiae
1096 3942 1270 4003 consecta-

156 4043 300 4117 bantur:
328 4046 577 4135 «considerat,
606 4047 716 4120 aiebat
740 4046 868 4134 David,
892 4061 1046 4146 peccator
1071 4045 1214 4130 iustum,
1236 4059 1270 4116 et

154 4161 290 4259 quaerit
314 4163 514 4236 mortificare
538 4189 614 4236 eum
643 4165 757 4258 (13).»
773 4163 935 4236 Dixerunt
958 4160 1124 4259 (impii),
1153 4156 1269 4232 subdit

221 4312 274 4376 (ts)
289 4315 329 4365 Pe.
341 4316 451 4367 XXXIV.
464 4321 504 4368 tt.
