2872 5062
583 498 747 557 (turum
768 498 849 557 111.

454 693 493 742 nn
520 696 705 746 llA'l'lllldONll
729 695 842 745 ClVlLlS
868 695 957 744 tucn.

602 862 809 932 nuurcunus
829 876 851 929 1.

174 1027 237 1088 Lex
250 1004 429 1088 Matrimonii
442 1028 536 1088 civilis
548 1030 629 1088 inter·
637 1028 793 1088 catholicos
805 1045 822 1087 a
835 1027 999 1086 christianis
1012 990 1256 1105 pseudo-politicis

366 1127 514 1201 proposita
535 1124 796 1201 antiphitosophiea
815 1121 859 1184 est
878 1130 907 1184 et
924 1126 1035 1201 iniqua.

236 1301 405 1374 Hactenus
432 1299 679 1373 matrimonium
700 1300 797 1374 civile
822 1302 856 1372 in
882 1300 955 1373 eius
979 1299 1110 1397 origine
1134 1315 1167 1373 ct
1191 1324 1267 1398 pro-

163 1440 295 1512 gressu,
324 1414 360 1485 in
384 1415 497 1514 pravis
523 1413 716 1501 effectibus,
735 1430 837 1513 atque
853 1414 888 1484 in
907 1413 1026 1487 intima
1049 1414 1123 1488 eius
1149 1423 1267 1488 natura

164 1529 391 1628 spectavimus
404 1529 468 1601 sub
479 1527 657 1626 multiplici
675 1544 825 1627 aspectu,
842 1526 1076 1627 philosophico
1094 1529 1264 1616 nimirum,

160 1643 366 1740 theologico,
396 1645 590 1732 canonico,
605 1645 790 1733 historico,
818 1644 934 1718 sociali
959 1645 1059 1716 etiam
1084 1660 1185 1744 atque
1209 1671 1267 1744 po

162 1758 273 1833 litico:
302 1785 391 1832 nunc
415 1759 552 1859 propius
577 1762 743 1857 agendum
762 1776 812 1833 est
829 1760 871 1832 de
888 1760 962 1859 ipsa
982 1761 1062 1856 lopo,
1084 1785 1173 1859 quae
1194 1785 1268 1833 ma-

163 1872 356 1946 trimonium
381 1873 479 1946 civile
500 1874 608 1946 sancit
628 1875 663 1945 in
685 1873 876 1970 regionibus
894 1874 995 1946 etiam
1013 1873 1264 1961 catholicorum,

158 1985 219 2058 ubi
245 1984 462 2059 tridentinum
487 1986 692 2085 publicatum
717 2004 780 2060 est.

236 2101 429 2202 Optandum
456 2128 538 2174 sane
561 2117 676 2190 esset,
702 2118 740 2175 ut
767 2101 962 2176 huiusmodi
987 2101 1041 2173 lex
1065 2101 1195 2174 nullum
1212 2128 1269 2175 ca-

156 2212 363 2291 tholicorum
393 2217 545 2290 codicum
579 2218 728 2290 inliceret
750 2243 792 2290 ac
815 2217 1022 2314 deturparet,
1051 2216 1268 2314 quemadmo-

157 2332 243 2404 dum
269 2316 384 2406 revera
409 2333 536 2432 aliquot
554 2331 662 2405 inficit
683 2357 722 2404 uc
738 2333 904 2430 deturpat.
921 2333 959 2402 ln
972 2330 1161 2418 Galliis,‚ut
1182 2331 1268 2403 diui-

161 2463 457 2547 mus,-postquam
480 2446 640 2521 sanctitas
664 2447 866 2520 matrimonii
888 2446 951 2519 sub
969 2445 1133 2520 libertatis
1150 2445 1269 2521 arbore

161 2555 259 2635 foede
283 2563 347 2636 fuit
370 2558 561 2662 profanata,
581 2563 828 2636 matrimonium
847 2562 944 2636 civile
961 2580 1130 2661 tamquam
1155 2562 1268 2636 minus

160 2676 307 2765 malum,
326 2695 465 2753 atcerte
487 2680 722 2777 gravissimum
747 2677 904 2766 invaluit,
933 2703 972 2751 ac
997 2678 1071 2775 lege
1096 2677 1164 2751 lata
1188 2705 1269 2752 cau-

162 2807 236 2864 tum
250 2808 320 2880 est,
337 2808 374 2866 ut
389 2793 480 2892 quod
496 2794 616 2867 attinet
631 2795 674 2865 ad
692 2793 808 2867 civiles
825 2792 963 2866 effectus
989 2792 1081 2865 nulla
1106 2793 1191 2867 ratio
1207 2791 1270 2866 ba·

163 2905 283 2978 beatur
302 2907 436 2979 illarum
454 2908 667 3007 nuptiarum,
688 2935 775 3008 quaa
787 2909 831 2980 ad
844 2908 984 2981 formam
1002 2907 1174 2981 tridentini
1192 2933 1269 2980 con·

156 3020 234 3094 ·cilii
247 3022 282 3093 in
293 3022 378 3095 facie
395 3023 558 3096 ecclesiae
577 3038 701 3096 tontum
717 3025 820 3097 initae
837 3024 979 3110 luerint,
995 3039 1030 3096 at
1041 3022 1118 3094 iniri
1132 3023 1267 3096 omnino

156 3137 306 3213 debcant
329 3133 442 3214 coram
460 3139 551 3214 civili
572 3140 780 3236 magistratu.
798 3139 898 3224 Quod
916 3138 1052 3237 quidem
1071 3138 1100 3210 si
1119 3138 1193 3224 liat,
1215 3138 1284 3215 lex'

161 3252 301 3326 minime
325 3252 559 3328 contrahentes
590 3255 679 3351 cogit
704 3270 741 3326 ut
763 3253 1010 3326 matrimonium
1036 3253 1071 3325 in
1097 3253 1182 3326 lucie
1213 3280 1267 3329 cc·

162 3367 285 3440 clesiae
318 3367 503 3456 celebrent;
532 3385 585 3442 ast
609 3370 706 3443 civile
731 3368 922 3465 coniugium
957 3367 1183 3440 necessarium
1218 3384 1270 3441 est

161 3494 195 3552 et
218 3480 405 3554 sulficiens.
433 3483 518 3554 Hinc
544 3509 610 3556 non
636 3483 734 3582 pauci
766 3482 915 3581 perditae
948 3482 1172 3555 conscientiae
1205 3482 1268 3554 viri

160 3619 200 3666 ac
224 3594 383 3667 mulieres
408 3597 551 3669 contenti
573 3623 759 3671 consensus
785 3596 850 3668 sibi
876 3595 1018 3669 invicem
1043 3596 1195 3695 praestiti
1213 3622 1269 3669 co-

161 3735 234 3781 ram
259 3709 352 3782 civili
377 3711 593 3807 magistratu,
622 3712 695 3809 lege
721 3711 871 3798 suffulti,
897 3711 1035 3808 perinde
1053 3738 1091 3783 ac
1109 3712 1140 3782 si
1155 3736 1269 3783 verum

158 3824 409 3898 matrimonium
423 3829 678 3915 contraxissent,
697 3826 796 3899 simul
810 3825 1015 3914 cohabitant,
1031 3824 1124 3900 obliti
1139 3825 1269 3896 animae

160 3966 202 4013 ac
214 3939 346 4014 salutis.
364 3942 413 4012 Ex
431 3941 533 4014 Gallis
551 3942 586 4014 in
599 3943 749 4040 Belgium
762 3942 862 4014 etiam
875 3957 943 4014 tam
957 3941 1146 4040 perniciosa
1163 3939 1269 4038 pestis

161 4071 214 4129 est
232 4072 430 4154 propagata.

234 4168 365 4242 Alicubi
381 4171 520 4269 spiritus
533 4171 725 4244 rebellionis
738 4188 771 4244 et
782 4170 1060 4271 independentiae
1072 4168 1116 4240 ab
1127 4166 1269 4240 ecclesia

163 4283 294 4358 similes
320 4285 411 4382 leges
437 4286 586 4376 induxit;
617 4286 798 4362 novissime
815 4287 849 4357 in
868 4284 1039 4386 republica
1063 4279 1269 4382 Neo-grana-
