2872 5062
157 316 225 389 iii
339 335 400 388 us.
422 337 445 386 ι.
466 334 574 386 srarro
591 335 721 385 samm.
742 335 783 384 ua
804 335 936 386 aurun.
957 334 1065 386 amu.

228 457 283 530 Sia
301 458 401 531 etiam
427 479 602 528 erroneum
617 471 650 528 ot
662 454 937 529 antioatholionm
957 471 1010 528 est
1030 455 1121 554 quod
1141 454 1265 531 adiooit

157 587 290 656 orator,
318 570 499 646 eonsilium
524 569 589 643 hoo
616 594 677 643 sno
701 570 834 644 deoroto
857 585 969 643 aetum
994 569 1151 644 effecisse
1175 571 1267 670 prin-

156 704 287 789 orpatus
308 687 503 788 proprium,
522 711 630 786 eoquo
650 685 1080 785 annuenteetpostulante;
1102 712 1180 759 oum
1197 687 1269 785 pla-

156 806 263 879 ouarit
282 803 506 904 principatui,
526 802 650 902 poterit
666 801 725 874 hio
741 817 888 875 statuere
908 828 1029 877 noram
1042 802 1185 876 sormam
1202 803 1270 876 sub

159 920 324 993 nullitatis
348 945 469 1020 poena.
498 921 579 992 Tota
603 917 712 1003 haee,
739 917 898 1017 inquam,
919 917 1062 991 assertio
1076 943 1217 991 emoneo
1233 934 1270 992 ot

159 1032 395 1110 anticatholiaa
418 1048 488 1119 est,
507 1049 623 1133 utpote
645 1032 803 1106 damnata
820 1033 855 1104 in
873 1033 1051 1107 Constitut.
1075 1033 1268 1131 dogmatica

158 1153 323 1222 inaurem
347 1147 425 1248 fidei
440 1148 475 1219 in
492 1173 591 1246 prop.
608 1147 689 1218 ttx.
705 1161 737 1218 at
750 1147 815 1218 LX.
831 1172 918 1246 quas
943 1147 1018 1219 hoio
1044 1146 1268 1221 subiieimusr

159 1267 197 1337 ln
222 1291 318 1364 prop.
335 1265 416 1336 ttx.
437 1263 579 1337 dieitur:
603 1261 823 1335 «Declaratio
848 1261 971 1362 synodi
995 1262 1264 1360 (pistoriensis)

159 1404 335 1465 asserens,
364 1378 410 1450 ad
432 1404 617 1476 supremam
640 1377 769 1449 ciuilem
787 1392 981 1476 potestatem
1005 1377 1182 1450 dumtaxat
1198 1380 1269 1450 ori·

158 1496 323 1592 pinarium
346 1508 491 1592 spectare
514 1494 697 1566 contractui
718 1495 921 1565 matrimonii
943 1519 1102 1592 apponere
1127 1494 1268 1592 impedi

158 1625 266 1683 menta
281 1612 350 1682 eins
365 1611 507 1707 ponens,
525 1635 607 1708 quaa
620 1611 727 1707 ipsum
738 1609 869 1682 nullum
880 1609 1030 1694 reddant,
1047 1606 1267 1708 dicamurque

159 1725 365 1810 dirimentio;
383 1723 469 1823 quod
486 1726 540 1796 ius
556 1725 770 1822 oripinuriam
783 1739 954 1822 praeterea
968 1723 1091 1796 dieitur
1103 1750 1177 1796 enm
1193 1727 1268 1797 iure

160 1838 373 1936 dispensandi
389 1839 610 1911 maentiaiitar
633 1863 828 1923 oonneunm;
852 1838 1079 1935 subiungens:
1100 1841 1268 1937 srtpposita

159 1979 293 2027 mensu
308 1956 361 2028 vel
376 1956 579 2026 oouniventia
592 1955 797 2052 principum,
821 1956 964 2052 potuisse
989 1955 1158 2027 oronnam
1183 1957 1269 2027 iuste

159 2070 349 2140 constituere
373 2067 601 2167 impedimenta
625 2067 812 2140 dirimentis
836 2071 945 2165 ipsum
968 2083 1170 2140 sonnacium
1194 2096 1266 2142 ma-

161 2185 308 2256 trimonii
320 2213 331 2268 ,·
358 2183 458 2282 quasi
488 2183 722 2257 ecclesianam
748 2208 881 2282 semper
911 2183 1057 2282 potuerit
1085 2209 1125 2256 ao
1155 2184 1269 2283 possit

159 2295 195 2367 in
226 2296 484 2371 christianorum
517 2297 737 2371 matrimoniis
763 2297 835 2370 iuro
852 2298 996 2397 'proprio
1025 2298 1268 2399 impedimenta

160 2413 381 2499 eonstituere,
414 2440 502 2513 qnae
535 2412 783 2488 matrimonium
813 2438 880 2486 non
912 2412 1021 2487 solum
1049 2414 1262 2514 impediant,

159 2529 219 2602 sad
237 2545 270 2602 ot
286 2529 414 2602 nullum
441 2529 582 2602 reddant
605 2529 717 2629 quoad
735 2528 920 2615 uinculum,
940 2529 1064 2628 quibus
1076 2512 1262 2603 ⁴christiani

161 2642 311 2716 obstricti
326 2659 501 2717 teneantur
517 2645 617 2718 etiam
634 2645 670 2717 in
688 2644 786 2719 terris
803 2644 1005 2732 infidelium,
1021 2646 1057 2717 in
1069 2645 1268 2745 eisdemque

160 2757 380 2859 dispensaro;
411 2785 568 2832 ramnum
595 2763 628 2831 3.
657 2763 689 2830 i.
715 2764 750 2833 9.
776 2762 834 2833 12.
858 2761 1023 2835 sessionis
1054 2762 1112 2832 24.
1139 2763 1271 2835 consilii

161 2873 331 2946 tridentini
354 2877 519 2959 euersioa,
549 2875 1072 2975 haeretica(11'1).»Propositio
1096 2902 1175 2950 vero
1198 2877 1263 2947 LX.

160 2989 245 3064 haee
269 3006 343 3063 est:
376 3019 394 3060 «
409 2991 491 3062 Item
516 2991 643 3087 rogatio
668 2991 792 3091 synodi
815 2992 859 3063 ad
886 3006 1084 3089 potestatem
1111 2991 1268 3077 civilem,

160 3109 197 3176 ut
209 3132 226 3177 e
238 3131 368 3177 numero
385 3105 685 3204 impedimentorum
697 3107 791 3178 tollat
804 3107 1024 3203 oopnationem
1039 3107 1264 3204 spiritualem,

160 3234 256 3318 atque
273 3219 360 3292 illud
377 3220 462 3319 quod
479 3220 602 3293 dicitnr
620 3221 774 3318 publicae
796 3221 987 3305 honestatis,
1016 3247 1152 3319 quorum
1177 3224 1268 3320 oripo

160 3339 321 3432 reperitur
344 3339 380 3407 in
405 3337 586 3409 miieatione
610 3338 806 3419 Iustiniani,
828 3350 896 3409 tum
911 3352 947 3408 ut
963 3339 1141 3436 nestninpat
1165 3339 1268 3436 impe-

163 3449 341 3523 dimentum
359 3454 534 3553 affinitatis
550 3468 581 3525 et
598 3455 798 3551 aopnationis
815 3480 857 3526 en
874 3479 1073 3552 quarumque
1099 3453 1193 3526 linita
1218 3452 1269 3525 oei

162 3566 282 3638 illinita
306 3569 525 3641 coniunctione
545 3571 765 3665 provenientis
782 3569 826 3640 nd
842 3583 995 3668 quartum
1011 3569 1155 3667 pradum
1171 3570 1269 3640 insta

162 3682 291 3754 ciuilem
316 3686 581 3782 computationem
601 3711 662 3783 per
688 3685 806 3758 lineum
833 3685 1001 3758 lateralem
1026 3699 1056 3757 et
1081 3684 1265 3782 obliquam,

40 3892 42 3899 y
160 3798 210 3868 ita
235 3814 360 3883 tamen,
389 3814 426 3871 ut
449 3826 521 3897 spes
550 3800 643 3872 nulla
667 3800 873 3899 relinquatur
905 3800 1157 3902 dispensationis
1186 3799 1269 3871 obti-

161 3913 303 3998 nendae;
324 3930 490 4012 quatenus
520 3913 610 3989 civili
638 3915 792 4014 potestati
819 3915 873 3989 ius
896 3914 1049 3989 attribuit
1074 3917 1147 3991 sivo
1171 3913 1268 3987 abro-

233 4120 253 4182 (t
261 4121 299 4181 17)
314 4121 340 4170 si
351 4120 483 4172 haeretica
494 4122 532 4171 eat
542 4120 653 4171 doctrina
669 4120 756 4184 synodi
772 4118 936 4184 pistoriensis,
947 4117 1054 4182 eoquod
1065 4117 1098 4168 sit
1107 4115 1221 4168 evenire
1232 4126 1269 4164 ea·

160 4200 253 4250 nonum
265 4207 287 4250 a.
300 4204 322 4251 t.
334 4207 357 4251 a.
372 4207 409 4252 tt.
422 4213 479 4264 ergo
489 4201 611 4251 eiusmodi
621 4212 726 4251 oenones
735 4202 794 4251 aaut
802 4199 960 4264 deamattct,
972 4212 1020 4250 non
1030 4199 1113 4249 autem
1129 4195 1267 4259 disciptina-

159 4291 198 4329 res
208 4281 310 4330 tantum.
321 4283 383 4331 Nam
392 4281 513 4332 haeretios
523 4283 560 4330 est
572 4281 697 4343 doctrina,
710 4293 773 4343 quaa
781 4280 912 4343 opponitur
922 4279 980 4361 fidei
989 4278 1106 4341 dogmati.
