2872 5062
245 367 289 437 12
445 384 506 437 tn.
529 388 552 436 r.
576 387 661 436 sucu.
685 387 707 434 1.
732 385 770 435 nn
788 385 919 435 uarum.
943 383 1156 435 suenruunro.
1269 409 1272 412 -

244 529 377 580 memus
402 522 523 577 autem·
538 503 704 578 eiusmodi
730 511 944 576 sacramenta
965 504 1083 601 pergit·
1099 501 1351 580 idem-auctor:

246 620 415 693 «Primam
428 617 1356 716 sacramentum'estbaptismns;‚secundummissaesa-

244 735 407 810 orificium
416 765 426 822 ;·
443 736 575 809 tertium
591 733 780 808 benedictio
797 734 971 830 unguenti,
992 733 1082 833 qnod
1098 732 1194 805 latini
1206 732 1356 808 chrisma

243 868 365 926 vocant
385 867 584 949 ;=·quartum
612 865 664 923 est
692 849 802 936 erdo;
833 850 986 948 quintum
1013 851 1349 935 cumaclensium

244 984 374 1040 sextum
397 982 451 1039 est
475 965 603 1053 oleum,
630 991 698 1064 quo
724 982 895 1063 unguntur
919 965 1043 1037 infirmi
1078 979 1140 1037 etc.
1166 967 1254 1059 (36).
1280 965 1356 1037 »ln

244 1082 357 1156 rituali
387 1081 567 1154 eorundem
594 1107 805 1156 armenorum
834 1081 920 1155 libro
947 1081 1031 1154 ritus
1056 1079 1259 1155 describitur
1288 1107 1356 1180 quo

244 1195 419 1270 conficitur
443 1194 799 1281 bocsacramentum,
824 1196 975 1295 quinon
1001 1194 1131 1267 obludit
1155 1193 1199 1267 ab
1224 1219 1264 1268 eo
1288 1220 1358 1294 quo

244 1309 547 1409 ceteraeeeclesiee
563 1310 742 1384 orientales
759 1327 915 1397 utuntur,
933 1326 1035 1411 atque
1047 1309 1176 1408 gratiae
1186 1324 1220 1382 et
1232 1311 1359 1389 sancti-

244 1424 411 1499 baudonis
429 1425 467 1498 bt
483 1427 620 1524 mentio,
636 1452 724 1526 quae
741 1452 801 1525 per
818 1427 892 1499 eius
910 1425 1159 1526 susceptionem
1172 1424 1353 1499 confertur.

315 1540 370 1613 Sic
386 1542 475 1613 enim
492 1541 663 1629 sacerdos,
683 1541 764 1613 dnm
774 1540 950 1616 benedicit
967 1541 1107 1640 nuptiis,
1125 1541 1352 1639 adprecatur:

247 1655 440 1742 «benedic,
463 1656 619 1743 Domine,
645 1657 784 1731 istorum
808 1656 1004 1754 coniugium
1025 1655 1259 1730 benedictione
1278 1683 1354 1756 per-

244 1787 360 1868 petua,
384 1786 418 1843 et
442 1771 604 1859 concede,
628 1785 666 1845 ut
690 1797 751 1871 per
772 1773 853 1845 hoec
874 1775 1018 1870 pretium
1035 1772 1092 1845 isti
1119 1771 1236 1859 fidem,
1260 1799 1355 1871 spem

243 1901 278 1958 et
301 1885 495 1959 charitatem
521 1887 728 1960 custodiant:
754 1887 918 1962 donereis
944 1903 1087 1960 mentem
1113 1885 1277 1974 sobriam,
1299 1914 1356 1963 oo-

244 2000 422 2099 gitationes
449 2004 547 2100 pias.
570 2063 576 2073 .
599 2019 776 2077 sanctum
804 2005 1132 2078 conserva'istorum
1159 2002 1289 2091 cubile,
1320 2021 1357 2077 ut

242 2117 334 2189 omni
358 2143 398 2189 ex
424 2133 518 2216 parte
538 2117 700 2205 roborati,
726 2119 760 2190 in
780 2135 837 2193 tuo
857 2117 1068 2219 beneplacito
1090 2135 1353 2218 perseverent.»

161 2224 169 2233 ’
242 2231 371 2304 Deinde
395 2257 538 2305 coronas
562 2232 738 2332 imponens
763 2259 878 2307 eorum
904 2233 1091 2334 capitibus,
1117 2234 1353 2332 prosequitur:

245 2377 263 2414 n
278 2347 438 2433 benedic,
458 2347 617 2435 Domine,
637 2366 671 2422 et
691 2349 865 2422 sanctifica
888 2349 1009 2422 borum
1029 2374 1202 2420 servorum
1224 2340 1356 2422 tuorum

243 2462 453 2558 coniugium:
476 2479 511 2534 tu
528 2465 618 2535 enim
636 2489 695 2537 eos
713 2463 755 2534 ad
772 2462 1039 2535 benedictionem
1061 2462 1149 2534 banc
1171 2477 1263 2534 tuam
1282 2489 1357 2562 per·

244 2576 388 2662 duxisti,
408 2593 440 2649 et
462 2577 605 2675 posuisti
623 2578 659 2647 in
677 2577 981 2677 capitibuseorum
999 2601 1156 2649 coronam
1179 2576 1221 2649 de
1241 2576 1357 2677 lapide

244 2692 402 2788 pretioso.
425 2751 430 2762 .
453 2751 459 2762 .
480 2749 486 2762 .
509 2693 581 2767 Non
607 2692 695 2764 enim
718 2691 921 2790 prohibuisti
944 2692 1096 2791 nuptias,
1121 2692 1181 2765 sed
1207 2694 1357 2768 sanctifi·

242 2805 326 2878 casti
353 2832 429 2894 eas,
452 2823 486 2879 et
504 2806 753 2880 sacerdotaliter
771 2805 992 2892 benedixisti,
1017 2823 1118 2906 atque
1138 2808 1357 2885 veracissimo

245 2921 421 2996 tuouerbo
441 2921 664 3009 confirmasti,
689 2922 824 2996 dicens:
845 2923 931 3020 quod
950 2923 1037 2995 Deus
1057 2925 1243 3008 coniecerit,
1266 2925 1356 2998 tone

244 3064 307 3108 nee
327 3041 561 3135 separet-(37).
583 3067 606 3107 »·
621 3038 753 3124 Quibus
771 3038 856 3111 nibil
875 3037 1077 3112 luculentius
1095 3038 1282 3113 desiderari
1300 3067 1357 3139 pe

209 3211 211 3215 ,
243 3152 374 3228 tested
401 3152 657 3250 significandam
682 3153 841 3256 gratiam,
866 3169 899 3226 et
924 3153 1222 3228 sanctificationem
1233 3213 1245 3241 ‚⁴
1268 3181 1357 3254 quae

243 3293 310 3364 per
318 3266 754 3366 nuptiascemmunieeturss
779 3267 854 3341 Alia
873 3294 938 3345 non
956 3285 1083 3368 pauca,
1104 3281 1200 3368 quae?
1212 3269 1355 3348 bancin

241 3408 314 3457 rem
336 3384 477 3483 proferri
500 3401 639 3483 possent
658 3385 701 3458 ad
724 3400 918 3484 perpetuam
938 3384 1176 3458 adstruendam
1197 3384 1357 3460 ecclesia·

244 3520 318 3571 rum
343 3498 737 3574 tumsoricntaliumtnm
758 3498 1016 3573 occidentalium
1039 3498 1141 3572 fidem
1162 3525 1203 3573 ae
1224 3500 1355 3599 praxim

242 3612 355 3711 quoad
380 3612 483 3688 huius
509 3615 707 3688 sacramenti
732 3615 903 3688 veritatem
935 3613 1182 3712 praetermitto,
1212 3640 1288 3687 cum
1314 3642 1355 3688 ea

243 3751 332 3829 quae
348 3725 449 3800 allata
468 3743 548 3802 sunt
568 3727 612 3800 ad
632 3727 782 3814 sobrium
803 3754 1007 3828 quemquem
1027 3727 1198 3802 homiuem
1214 3754 1356 3827 persue-

242 3841 390 3914 dendum
416 3840 596 3915 sufficiant.

240 4023 448 4072 sacramentorum
458 4035 473 4072 a
483 4022 613 4074 florentina
628 4022 722 4086 synodo
741 4023 847 4074 armenis
862 4020 990 4086 obtrusum
1001 4022 1089 4085 luisse,
1102 4036 1158 4073 cum
1170 4035 1227 4073 eum
1236 4034 1280 4086 per
1289 4022 1356 4072 mille

240 4099 266 4148 et
281 4113 316 4150 eo·
325 4100 430 4164 amplius
448 4114 525 4152 anuos
542 4101 717 4166 ignorassent.»
727 4101 766 4152 ct.
779 4102 857 4153 ctem.
870 4101 990 4152 (telenum
1007 4101 1034 4152 in
1048 4101 1222 4153 constitutore
1232 4100 1356 4152 eccesiae

239 4190 364 4230 annones
377 4193 438 4232 cem
448 4192 567 4232 rossana.
577 4183 669 4232 Romae
680 4185 750 4231 teet.
760 4181 821 4230 tom.
834 4182 864 4230 11.
876 4182 971 4243 quaest.
987 4186 1010 4234 t.
1020 4179 1048 4252 §.¹
1058 4187 1145 4244 tspag.
1157 4185 1211 4232 tes.

314 4259 364 4322 (ts)
379 4259 442 4312 thid.
455 4274 508 4325 cap.
519 4263 565 4312 vl.
1061 4258 1062 4263 ’

313 4341 363 4402 (37)
378 4341 449 4405 Apud
464 4341 585 4394 Gdunnm
596 4355 636 4405 op.
648 4343 675 4392 et
686 4342 733 4392 loe.
744 4340 787 4392 ult.
798 4340 822 4404 §.
831 4343 861 4392 V.
872 4344 987 4404 pau-tue
995 4353 1047 4404 seq.
