2872 5062
370 395 494 450 emur.
506 396 547 449 nn
564 396 665 449 mser.
681 395 794 449 uenrn.
811 395 849 448 rr
866 397 952 449 sien.
965 400 1036 450 mr.
1049 401 1084 451 u.
1211 381 1280 454 tat

247 516 304 589 Sic
327 514 427 589 etiam
448 514 576 588 Natalis
600 513 805 602 Alexander,
825 514 885 614 qui
902 540 979 588 cum
996 514 1199 593 ostendisset
1214 521 1284 620 pol·

174 632 243 705 lare
255 624 433 703 ecclesiam
446 644 610 729 potestate
622 655 689 702 non
702 626 802 701 modo
814 628 1029 728 prohibendi,
1049 657 1165 706 vemm
1181 634 1283 708 etiam

174 746 328 821 irritandi
345 744 501 842 coniugia
517 743 747 830 clandestina,
768 743 858 816 hanc
874 743 985 819 attulit
1001 746 1175 822 mtionem:
1194 749 1284 824 «bc

173 863 298 937 clasiae
316 861 444 935 scilicet
459 859 702 959 dispensationi
720 859 969 933 matrimonium
987 860 1154 951 subiacet,
1171 880 1284 963 quote·

171 1004 235 1050 ecc
259 969 441 1050 contractus
461 990 509 1048 eat
528 975 573 1048 ad
591 976 788 1048 sacrementi
810 975 1004 1073 diqoitctcm
1029 994 1153 1052 euectus
1165 981 1280 1076 (19).»

245 1091 431 1166 Ludovicus
457 1089 599 1177 Habent,
633 1115 710 1163 cum
735 1088 861 1189 pariter
891 1092 1068 1190 utriusque
1099 1094 1284 1168 sententiae

159 1204 391 1279 ¹fundamenta
413 1203 625 1303 exposuerit,
646 1202 713 1276 sibi
729 1202 846 1277 obiicit
861 1204 1055 1278 adhaerenti
1072 1204 1222 1305 opinioni
1239 1207 1283 1283 de

171 1320 346 1394 sacerdote
370 1319 544 1405 ministro,
565 1318 623 1418 qui
640 1317 853 1392 bendictione
877 1319 1076 1417 pronunciat
1091 1319 1193 1395 uerba
1215 1324 1282 1398 for·

157 1431 265 1509 mae:
287 1434 416 1532 «Ergo,
444 1434 599 1534 inquies,
632 1434 726 1532 prius
752 1435 934 1533 perfectum
959 1451 1011 1509 est
1034 1436 1281 1511 matrimonium

158 1549 205 1622 in
223 1550 352 1623 ratione
367 1548 558 1623 contractus
575 1547 705 1637 civilis,
726 1575 828 1648 quam
846 1548 881 1620 in
896 1549 1024 1623 ratione
1040 1553 1278 1627 sacramenti.»

169 1664 363 1763 Respondet
386 1678 516 1737 autem:
543 1664 705 1761 «Negant
727 1663 899 1763 sequelam
919 1664 1050 1762 patroni
1076 1665 1178 1739 huius
1203 1692 1281 1740 sen-

168 1781 309 1867 tentiae,
325 1779 406 1879 quia
423 1778 656 1853 contrahentes
674 1805 876 1853 consensum
894 1805 994 1852 sunm
1012 1779 1130 1855 nolunt
1146 1780 1279 1856 firmum

157 1892 261 1981 -iieri,
289 1893 357 1967 nisi
382 1918 458 1966 cum
476 1893 519 1966 ab
536 1893 678 1966 ecclesia
702 1893 802 1967 fuerit
825 1909 1038 1993 acceptatus,
1066 1909 1280 1997 mentemque

157 2032 266 2081 <snam
297 2007 466 2108 explicant
497 2008 648 2108 exemplo
672 2007 814 2082 aliorum
847 2024 1095 2096 contractuum,
1124 2010 1168 2082 ad
1193 2034 1279 2110 quos

167 2123 242 2221 lege
257 2123 424 2224 principis
446 2123 627 2224 requiritur
643 2122 759 2222 aliqua
776 2122 992 2197 solemnitas:
1015 2124 1175 2224 praevius
1188 2125 1279 2197 enim

166 2239 436 2314 contrahentium
453 2265 661 2325 consensus,
680 2264 714 2311 u.
732 2265 781 2335 gr.
799 2238 841 2312 de
855 2239 960 2312 fundo
973 2238 1085 2339 aliquo
1101 2239 1278 2313 vendendo

166 2369 200 2427 et
216 2354 378 2442 emendo,
398 2380 464 2428 non
483 2353 585 2426 hahet
608 2378 708 2425 suum
734 2352 836 2426 robur
852 2369 885 2426 at
900 2354 968 2427 vim
985 2357 1195 2440 contractus,
1216 2353 1277 2428 do—

165 2493 228 2542 nec
253 2453 299 2541 ab
322 2468 472 2542 actuario
496 2467 596 2542 fuerit
620 2467 831 2566 conscriptus
860 2485 893 2541 et
921 2468 1138 2566 consignatus
1160 2471 1273 2565 (20).»

165 2577 214 2654 Ex
240 2581 365 2682 quibus
389 2598 482 2682 patet
505 2597 675 2656 auctorem
700 2583 808 2670 hunc,
830 2583 883 2656 cui
901 2583 987 2656 bene
1004 2599 1180 2684 perspecta
1205 2602 1277 2658 erat

165 2696 249 2772 Gaui
261 2697 404 2799 eiusque
415 2713 631 2797 patronorum
649 2698 827 2785 sententie,
845 2698 1052 2786 declarasse,
1068 2699 1181 2799 quoad
1200 2726 1272 2788 eos,

157 2811 227 2910 -qui
251 2811 471 2899 contmhunt,
492 2828 569 2887 ante
586 2812 770 2886 sacerdotis
794 2812 1080 2902 benedictionem,
1108 2815 1275 2889 matrimo

167 2925 415 3000 niumtnullum
441 2926 543 3002 robur
566 2954 607 3000 ac
631 2927 821 3001 firmitatem
847 2926 1015 3014 obtinere,
1044 2927 1144 3000 etiam
1162 2928 1201 3000 in
1219 2954 1274 3002 ra-

165 3039 254 3113 tione
274 3041 485 3128 oonnactus,
506 3042 567 3114 sed
585 3041 694 3115 solum
712 3042 746 3113 in
764 3058 858 3129 actu,
879 3068 947 3142 quo
970 3041 1218 3114 matrimonium
1237 3042 1275 3116 fir

160 3171 409 3229 sacramentum
435 3182 496 3254 per
521 3155 785 3229 benedictionem
811 3156 1068 3243 sacerdotalem,
1096 3154 1181 3228 illud
1204 3156 1272 3231 vim

157 3268 358 3368 acquirere‚·
385 3270 538 3369 adeoque
561 3269 677 3368 perfici
703 3295 771 3342 una
795 3269 917 3356 simul,
938 3286 971 3343 et
987 3269 1022 3341 in
1040 3269 1168 3344 ratione
1192 3292 1272 3346 ocn-

162 3397 288 3457 tractus
313 3400 346 3456 et
371 3386 406 3457 in
432 3385 560 3459 mtione
585 3385 795 3457 sacramenti.

233 3499 305 3571 lmo
330 3499 470 3574 ulterius
497 3499 774 3599 progrediuntur;
796 3499 965 3600 siquidem
990 3501 1092 3573 etiam
1109 3500 1144 3572 in
1161 3501 1271 3601 hypo-

160 3610 261 3698 thesi,
290 3613 380 3712 quod
397 3614 431 3686 ri
448 3614 564 3687 emissi
582 3620 768 3687 consensus
785 3628 859 3686 ante
877 3613 1143 3688 benedictionem
1159 3639 1271 3688 sacer-

160 3725 257 3800 dotis·
273 3727 425 3803 existere
439 3728 580 3828 incipiat
603 3728 850 3802 matrimonium
864 3728 898 3800 in
913 3728 1042 3802 ratione
1059 3732 1265 3814 contractus,

161 3856 271 3915 tamen
297 3859 421 3940 negant
439 3858 516 3942 post
539 3843 651 3917 datmn
669 3870 690 3917 a
707 3843 881 3918 sacerdote
904 3843 1170 3918 benedictionem
1193 3868 1269 3939 per-

160 3982 294 4032 manere
317 3953 565 4034 matrimonium
591 3959 656 4034 sub
681 3959 809 4034 ratione
833 3974 1041 4048 contractus,
1062 3959 1133 4033 sive
1146 3956 1267 4031 civilis

229 4181 280 4244 (te)
296 4181 383 4233 Tbeol.
395 4182 510 4247 deamat.
523 4143 616 4235 moral.
633 4187 671 4235 De
688 4196 801 4236 sacram.
813 4185 929 4235 matrim.
941 4196 996 4247 esp.
1007 4184 1039 4233 11.
1051 4181 1097 4232 art.
1115 4188 1138 4232 2.
1154 4181 1192 4231 Dc
1207 4191 1269 4229 con·

159 4271 234 4312 scaro
244 4261 334 4312 claud
345 4275 417 4328 prop.
426 4269 449 4314 2.

229 4341 280 4406 (to)
295 4345 332 4394 De
343 4344 416 4395 matr.
424 4357 478 4409 cap.
488 4346 530 4394 lv.
