2872 5062
228 353 298 424 stt
419 374 480 424 sn.
501 374 525 422 r¹
547 373 632 423 saur.
654 373 677 422 r.
699 373 738 421 nn
764 372 894 422 nirrrn.
915 371 1126 422 alumnum.

224 493 313 566 enim
340 488 506 563 retulisset
522 488 748 587 obiectionem
770 488 912 560 Wicleffi
939 515 978 561 ex
1003 514 1077 586 cap.
1096 491 1153 560 22.
1179 491 1330 562 Triodoi:

227 604 374 692 «Qualis
395 605 509 702 regula
535 604 616 676 leret
639 603 727 675 idem
753 603 1000 676 matrimonium
1025 603 1079 676 bis
1104 603 1330 701 completum?

225 721 335 795 Primo
365 720 400 791 in
434 735 508 792 actu
539 719 718 815 coniugum
743 744 803 816 per
836 744 873 790 se
903 717 1014 806 lacto,
1050 735 1083 792 et
1115 720 1262 793 secundo
1296 722 1331 792 in

224 835 365 911 solemni
399 836 463 908 ritu
487 834 530 907 ad
553 833 677 906 ostium
709 833 870 906 ecclesiae
895 859 917 905 a
941 834 1112 907 sacerdote
1145 861 1205 932 per
1228 833 1331 908 verba

225 951 398 1050 nugatoria
421 966 454 1023 et
479 949 565 1023 falsa
587 948 723 1022 comiter
747 949 948 1021 celebrato.»
965 948 1175 1048 Respondet:
1194 948 1332 1023 «Primo

224 1067 267 1140 ad
292 1064 520 1165 quaestionem
545 1062 696 1136 dicamus
714 1063 749 1135 in
767 1064 889 1135 forma:
911 1078 943 1136 et
960 1063 1094 1135 tandem
1112 1062 1219 1151 adid,
1240 1065 1330 1164 quod

223 1179 390 1280 quemodo
414 1180 562 1279 implicet
578 1179 620 1251 de
638 1178 759 1251 rituum
781 1178 919 1251 istorum
939 1179 1067 1252 ratione
1088 1179 1274 1252 fundanda.
1295 1181 1330 1252 Si

224 1296 327 1394 igitur
346 1296 504 1393 coniuges
530 1294 615 1367 clam
642 1292 840 1367 contrabant
863 1294 936 1366 sine
953 1308 1054 1380 teste,
1075 1309 1142 1367 stat
1152 1297 1332 1395 perfectam

225 1437 291 1485 csse
320 1413 503 1509 cooiupium
528 1413 563 1482 in
586 1436 620 1482 se
645 1412 735 1508 ipso:
762 1408 822 1482 sed
847 1409 970 1482 laetum
996 1411 1031 1481 in
1057 1410 1142 1483 lacie
1168 1410 1330 1484 ecclesiae

178 1517 181 1524 ’
223 1548 334 1600 coram
359 1524 520 1611 testibus,
548 1522 749 1622 completum
768 1522 868 1596 robur
884 1523 1007 1622 accipit
1032 1524 1198 1597 firmitatis
1214 1527 1327 1621 (11).»

294 1638 424 1726 Quibus
449 1638 626 1738 postremis
650 1637 762 1712 vorbis
789 1637 956 1735 significat
986 1638 1177 1735 coniugium
1202 1665 1243 1710 ex
1266 1667 1330 1738 pu-

222 1754 312 1829 blica
336 1753 557 1828 celebratione
582 1753 628 1826 ita
652 1751 787 1826 demum
818 1753 943 1825 firmari
977 1753 1266 1853 consolidarique,
1294 1769 1331 1827 ut

223 1869 316 1944 nulla
341 1869 451 1943 subsit
476 1869 561 1943 ratio
584 1868 756 1943 renotem
778 1869 861 1967 [ceti
878 1868 1089 1965 denegandi,
1113 1868 1331 1968 quemadmo-

221 1985 302 2059 dum
328 2010 394 2059 non
419 1984 523 2060 semel
549 1983 584 2056 in
609 1983 763 2080 coniugio
787 1982 916 2057 occulte
936 2009 976 2056 ac
998 1984 1072 2057 sine
1088 1983 1229 2057 testibus
1246 1984 1330 2058 inito

221 2099 445 2199 contingebat.
465 2099 638 2199 Siquidem
664 2098 851 2186 interdum,
880 2099 939 2197 qui
965 2099 1012 2171 ita
1036 2098 1225 2172 clanculum
1249 2125 1330 2172 eon-

221 2215 361 2290 nubium
376 2213 636 2300 contrahebant,
657 2227 773 2311 postea
790 2211 882 2286 illius
899 2213 1144 2287 coniunctionis
1161 2215 1325 2312 pertaesi,

222 2330 306 2405 alter
330 2357 370 2404 ex
395 2329 593 2427 coniugibus
617 2349 692 2402 curn
718 2327 800 2415 alia,
821 2345 880 2401 aut
896 2353 972 2402 eum
990 2327 1058 2402 alio
1074 2328 1207 2428 publice
1224 2328 1261 2399 in
1277 2355 1329 2402 cc-

222 2445 345 2532 clesia,
363 2460 521 2518 consueta
537 2443 746 2516 solemnitate
763 2443 1011 2516 matrimonium
1026 2441 1234 2530 celebrabat3
1250 2442 1330 2517 licet

223 2585 321 2660 porro
339 2558 422 2631 alter
438 2558 668 2645 reclamasset,
689 2582 766 2630 curn
791 2556 874 2630 nulli
892 2573 1005 2632 essent
1022 2574 1122 2632 testes
1139 2558 1213 2632 initi
1231 2559 1327 2658 prius

224 2673 394 2772 coniugii,
419 2673 519 2746 fiebat
539 2689 577 2748 ut
598 2673 760 2762 ecelesia,
786 2696 873 2772 qnae
898 2699 964 2748 non
988 2673 1113 2747 iudicat
1128 2674 1172 2747 de
1186 2675 1327 2748 occultis

226 2812 265 2862 ac
289 2787 332 2862 de
357 2788 514 2875 internis,
543 2788 740 2862 sententiam
766 2788 914 2887 prolerre
937 2803 1108 2886 cogeretur
1131 2812 1191 2886 pro
1213 2788 1327 2863 valore

118 2961 123 2968 .
221 2904 358 2978 alterius
370 2901 518 3001 coniugii
532 2904 664 3003 publice
677 2903 847 2992 contracti,
860 2929 981 3001 magno
993 2904 1178 2977 animarum
1186 2903 1322 2978 damno:

221 3018 388 3119 siquidem
423 3043 534 3092 coram
559 3018 629 3092 Deo
655 3018 802 3092 secunda
834 3017 998 3091 eiusmodi
1029 3018 1219 3092 coniunctio
1249 3044 1327 3093 vore

220 3151 310 3208 esset
335 3133 533 3208 adulterina.
559 3134 694 3207 Interim
721 3133 815 3232 prius
841 3133 1032 3230 coniugium
1052 3133 1091 3204 dc
1112 3133 1200 3231 [octo
1217 3133 1326 3208 solve-

209 3249 327 3323 batur.
352 3250 422 3323 Hac
446 3249 492 3321 de
521 3273 625 3322 causa
654 3249 800 3322 Thomas
825 3248 1007 3322 waldensis
1032 3248 1194 3347 scripsit:
1225 3249 1324 3322 «Sed

219 3363 342 3437 lactum
364 3365 399 3436 in
420 3364 505 3439 lacie
526 3364 690 3438 ecclesiae
710 3387 822 3440 coram
847 3364 989 3437 testibus
1013 3364 1203 3462 completum
1224 3364 1327 3435 robor

219 3481 339 3576 accipis
354 3464 568 3580 firmitatisa
590 3504 709 3579 nempe
734 3481 969 3564 extrinsecus,
991 3493 1185 3552 nouantem
1209 3479 1328 3553 intrin-

218 3619 344 3678 mom,
371 3619 449 3667 cum
474 3595 541 3667 iam
561 3596 740 3694 perfectum
762 3594 883 3667 dixerit
904 3593 1095 3691 coniugium
1117 3591 1326 3666 clandestine

219 3723 436 3783 contractum.
461 3708 568 3807 Atque
592 3708 680 3782 banc
696 3709 731 3781 in
749 3734 817 3782 rem
840 3710 963 3807 profert
988 3733 1103 3782 casnm
1127 3733 1167 3781 ex
1184 3707 1326 3805 lingone

218 3824 405 3911 Victorino,
433 3849 534 3923 quem
560 3849 622 3898 nos
647 3823 723 3896 boio
747 3822 981 3897 indicavimus.

290 3940 430 4012 Demum
455 3938 584 4012 accedit
616 3938 842 4012 testimonium
876 3938 966 4013 omni
997 3936 1190 4036 exceptione
1213 3936 1325 4009 maius

217 4053 348 4129 concilii
372 4053 568 4141 tridentini,
595 4053 685 4152 quod
711 4079 797 4127 sess.
826 4053 936 4124 XXIV.
962 4079 1038 4152 cap.
1060 4053 1086 4123 l.
1111 4052 1155 4123 Dc
1172 4052 1323 4150 reform,

288 4240 340 4304 (tt)
355 4239 467 4292 rhomae
488 4239 626 4291 waldem
646 4241 728 4300 minus
747 4238 868 4289 mundus
888 4242 923 4289 De
946 4240 1127 4291 sacrameto.
1144 4236 1231 4286 venet.
1254 4240 1322 4285 tuso.

216 4320 493 4372 terarcrectccoru.
