<?xml version="1.0" encoding="UTF-8"?>
<!DOCTYPE html PUBLIC "-//W3C//DTD XHTML 1.0 Transitional//EN"
    "http://www.w3.org/TR/xhtml1/DTD/xhtml1-transitional.dtd">
<html xmlns="http://www.w3.org/1999/xhtml" xml:lang="en" lang="en">
 <head>
  <title>
</title>
<meta http-equiv="Content-Type" content="text/html;charset=utf-8" />
  <meta name='ocr-system' content='tesseract 3.04.00' />
  <meta name='ocr-capabilities' content='ocr_page ocr_carea ocr_par ocr_line ocrx_word'/>
</head>
<body>
  <div class='ocr_page' id='page_1' title='image "./dematrimoniochr00perrgoog_0220.png"; bbox 0 0 2872 5062; ppageno 0'>
   <div class='ocr_carea' id='block_1_1' title="bbox 330 367 1261 440">
    <p class='ocr_par' dir='ltr' id='par_1_1' title="bbox 330 367 1261 440">
     <span class='ocr_line' id='line_1_1' title="bbox 330 367 1261 440; baseline -0.001 -2"><span class='ocrx_word' id='word_1_1' title='bbox 330 378 398 439; x_wconf 77' lang='lat' dir='ltr'><strong>aar.</strong></span> <span class='ocrx_word' id='word_1_2' title='bbox 415 389 459 440; x_wconf 84' lang='lat' dir='ltr'><strong>u.</strong></span> <span class='ocrx_word' id='word_1_3' title='bbox 477 390 516 438; x_wconf 87' lang='lat' dir='ltr'><strong>uu</strong></span> <span class='ocrx_word' id='word_1_4' title='bbox 539 376 640 439; x_wconf 86' lang='lat' dir='ltr'><strong>rusur.</strong></span> <span class='ocrx_word' id='word_1_5' title='bbox 664 389 774 439; x_wconf 81' lang='lat' dir='ltr'><strong>caure.</strong></span> <span class='ocrx_word' id='word_1_6' title='bbox 797 390 834 438; x_wconf 85' lang='lat' dir='ltr'><strong>nr</strong></span> <span class='ocrx_word' id='word_1_7' title='bbox 859 388 948 439; x_wconf 82' lang='lat' dir='ltr'><strong>saca.</strong></span> <span class='ocrx_word' id='word_1_8' title='bbox 969 389 1039 439; x_wconf 77' lang='lat' dir='ltr'><strong>aar.</strong></span> <span class='ocrx_word' id='word_1_9' title='bbox 1056 390 1091 439; x_wconf 84' lang='grc' dir='ltr'><strong>ιι.</strong></span> <span class='ocrx_word' id='word_1_10' title='bbox 1195 367 1261 438; x_wconf 75' lang='lat'><strong>2⁰1</strong></span> 
     </span>
    </p>
   </div>
   <div class='ocr_carea' id='block_1_2' title="bbox 156 507 1270 4170">
    <p class='ocr_par' dir='ltr' id='par_1_2' title="bbox 156 507 1270 3933">
     <span class='ocr_line' id='line_1_2' title="bbox 161 507 1266 608; baseline 0 -30"><span class='ocrx_word' id='word_1_11' title='bbox 161 507 224 580; x_wconf 86' lang='lat' dir='ltr'><strong>lica</strong></span> <span class='ocrx_word' id='word_1_12' title='bbox 254 507 404 580; x_wconf 90' lang='lat' dir='ltr'><strong>doctrina</strong></span> <span class='ocrx_word' id='word_1_13' title='bbox 428 523 461 579; x_wconf 91' lang='lat' dir='ltr'><strong>et</strong></span> <span class='ocrx_word' id='word_1_14' title='bbox 490 507 717 604; x_wconf 79' lang='lat' dir='ltr'><strong>theologorum</strong></span> <span class='ocrx_word' id='word_1_15' title='bbox 748 508 896 580; x_wconf 90' lang='lat' dir='ltr'><strong>omnium</strong></span> <span class='ocrx_word' id='word_1_16' title='bbox 929 508 1094 581; x_wconf 86' lang='lat' dir='ltr'><strong>sententia</strong></span> <span class='ocrx_word' id='word_1_17' title='bbox 1123 509 1266 608; x_wconf 89' lang='lat' dir='ltr'><strong>spectari</strong></span> 
     </span>
     <span class='ocr_line' id='line_1_3' title="bbox 159 623 1268 723; baseline 0 -27"><span class='ocrx_word' id='word_1_18' title='bbox 159 624 281 697; x_wconf 90' lang='lat' dir='ltr'><strong>debeat</strong></span> <span class='ocrx_word' id='word_1_19' title='bbox 298 624 347 696; x_wconf 94' lang='lat' dir='ltr'><strong>uti</strong></span> <span class='ocrx_word' id='word_1_20' title='bbox 369 623 508 696; x_wconf 88' lang='lat' dir='ltr'><strong>materia</strong></span> <span class='ocrx_word' id='word_1_21' title='bbox 520 627 694 722; x_wconf 73' lang='lat' dir='ltr'><strong>proxima,</strong></span> <span class='ocrx_word' id='word_1_22' title='bbox 715 649 803 723; x_wconf 89' lang='lat' dir='ltr'><strong>quac</strong></span> <span class='ocrx_word' id='word_1_23' title='bbox 820 623 1019 723; x_wconf 89' lang='lat' dir='ltr'><strong>adipiscitur</strong></span> <span class='ocrx_word' id='word_1_24' title='bbox 1034 624 1195 696; x_wconf 86' lang='lat' dir='ltr'><strong>rationem</strong></span> <span class='ocrx_word' id='word_1_25' title='bbox 1213 649 1268 696; x_wconf 92' lang='lat' dir='ltr'><strong>sa-</strong></span> 
     </span>
     <span class='ocr_line' id='line_1_4' title="bbox 159 738 1268 838; baseline 0.001 -28"><span class='ocrx_word' id='word_1_26' title='bbox 159 739 320 810; x_wconf 85' lang='lat' dir='ltr'><strong>cramenti</strong></span> <span class='ocrx_word' id='word_1_27' title='bbox 346 738 381 809; x_wconf 90' lang='lat' dir='ltr'><strong>in</strong></span> <span class='ocrx_word' id='word_1_28' title='bbox 408 754 484 811; x_wconf 90' lang='lat' dir='ltr'><strong>actu</strong></span> <span class='ocrx_word' id='word_1_29' title='bbox 512 739 587 837; x_wconf 91' lang='lat' dir='ltr'><strong>ipso</strong></span> <span class='ocrx_word' id='word_1_30' title='bbox 611 764 678 838; x_wconf 92' lang='lat' dir='ltr'><strong>quo</strong></span> <span class='ocrx_word' id='word_1_31' title='bbox 702 738 889 811; x_wconf 89' lang='lat' dir='ltr'><strong>celebratur</strong></span> <span class='ocrx_word' id='word_1_32' title='bbox 912 739 1115 836; x_wconf 79' lang='lat' dir='ltr'><strong>coniugium.</strong></span> <span class='ocrx_word' id='word_1_33' title='bbox 1140 738 1268 811; x_wconf 79' lang='lat' dir='ltr'><strong>Idcirco</strong></span> 
     </span>
     <span class='ocr_line' id='line_1_5' title="bbox 160 853 1268 953; baseline 0.003 -29"><span class='ocrx_word' id='word_1_34' title='bbox 160 854 206 925; x_wconf 86' lang='lat' dir='ltr'><strong>ita</strong></span> <span class='ocrx_word' id='word_1_35' title='bbox 219 866 257 926; x_wconf 88' lang='lat' dir='ltr'><strong>se&#39;</strong></span> <span class='ocrx_word' id='word_1_36' title='bbox 268 853 370 926; x_wconf 90' lang='lat' dir='ltr'><strong>babet</strong></span> <span class='ocrx_word' id='word_1_37' title='bbox 386 869 574 927; x_wconf 88' lang='lat' dir='ltr'><strong>contractus</strong></span> <span class='ocrx_word' id='word_1_38' title='bbox 586 854 630 927; x_wconf 91' lang='lat' dir='ltr'><strong>ad</strong></span> <span class='ocrx_word' id='word_1_39' title='bbox 644 871 909 941; x_wconf 90' lang='lat' dir='ltr'><strong>sacramentum,</strong></span> <span class='ocrx_word' id='word_1_40' title='bbox 930 853 1213 953; x_wconf 90' lang='lat' dir='ltr'><strong>quemadmodum</strong></span> <span class='ocrx_word' id='word_1_41' title='bbox 1229 879 1268 927; x_wconf 85' lang='lat' dir='ltr'><strong>se</strong></span> 
     </span>
     <span class='ocr_line' id='line_1_6' title="bbox 159 966 1267 1068; baseline 0.005 -30"><span class='ocrx_word' id='word_1_42' title='bbox 159 966 261 1040; x_wconf 86' lang='lat' dir='ltr'><strong>babet</strong></span> <span class='ocrx_word' id='word_1_43' title='bbox 285 969 408 1041; x_wconf 85' lang='lat' dir='ltr'><strong>ablatio</strong></span> <span class='ocrx_word' id='word_1_44' title='bbox 426 969 461 1039; x_wconf 94' lang='lat' dir='ltr'><strong>in</strong></span> <span class='ocrx_word' id='word_1_45' title='bbox 479 967 768 1042; x_wconf 80' lang='lat' dir='ltr'><strong>administratione</strong></span> <span class='ocrx_word' id='word_1_46' title='bbox 792 967 963 1068; x_wconf 78' lang='lat' dir='ltr'><strong>baptismi.</strong></span> <span class='ocrx_word' id='word_1_47' title='bbox 981 968 1064 1041; x_wconf 82' lang='lat' dir='ltr'><strong>Cum</strong></span> <span class='ocrx_word' id='word_1_48' title='bbox 1088 993 1167 1041; x_wconf 85' lang='lat' dir='ltr'><strong>vero</strong></span> <span class='ocrx_word' id='word_1_49' title='bbox 1188 968 1267 1043; x_wconf 89' lang='lat' dir='ltr'><strong>talis</strong></span> 
     </span>
     <span class='ocr_line' id='line_1_7' title="bbox 159 1081 1267 1182; baseline 0.002 -30"><span class='ocrx_word' id='word_1_50' title='bbox 159 1081 287 1154; x_wconf 89' lang='lat' dir='ltr'><strong>ablutio</strong></span> <span class='ocrx_word' id='word_1_51' title='bbox 313 1107 333 1154; x_wconf 90' lang='lat' dir='ltr'><strong>a</strong></span> <span class='ocrx_word' id='word_1_52' title='bbox 358 1098 565 1155; x_wconf 87' lang='lat' dir='ltr'><strong>sacramento</strong></span> <span class='ocrx_word' id='word_1_53' title='bbox 590 1081 753 1179; x_wconf 83' lang='lat' dir='ltr'><strong>distingui</strong></span> <span class='ocrx_word' id='word_1_54' title='bbox 777 1097 939 1182; x_wconf 89' lang='lat' dir='ltr'><strong>nequeat,</strong></span> <span class='ocrx_word' id='word_1_55' title='bbox 970 1083 1051 1182; x_wconf 91' lang='lat' dir='ltr'><strong>quia</strong></span> <span class='ocrx_word' id='word_1_56' title='bbox 1075 1082 1111 1153; x_wconf 91' lang='lat' dir='ltr'><strong>in</strong></span> <span class='ocrx_word' id='word_1_57' title='bbox 1136 1107 1176 1154; x_wconf 91' lang='lat' dir='ltr'><strong>ea</strong></span> <span class='ocrx_word' id='word_1_58' title='bbox 1199 1107 1267 1155; x_wconf 90' lang='lat' dir='ltr'><strong>una</strong></span> 
     </span>
     <span class='ocr_line' id='line_1_8' title="bbox 158 1194 1268 1295; baseline 0.002 -29"><span class='ocrx_word' id='word_1_59' title='bbox 158 1221 235 1266; x_wconf 92' lang='lat' dir='ltr'><strong>cum</strong></span> <span class='ocrx_word' id='word_1_60' title='bbox 257 1194 363 1268; x_wconf 86' lang='lat' dir='ltr'><strong>forma</strong></span> <span class='ocrx_word' id='word_1_61' title='bbox 389 1196 545 1295; x_wconf 89' lang='lat' dir='ltr'><strong>apposita</strong></span> <span class='ocrx_word' id='word_1_62' title='bbox 563 1196 763 1269; x_wconf 81' lang='lat' dir='ltr'><strong>sacramenti</strong></span> <span class='ocrx_word' id='word_1_63' title='bbox 781 1197 929 1270; x_wconf 88' lang='lat' dir='ltr'><strong>essentia</strong></span> <span class='ocrx_word' id='word_1_64' title='bbox 948 1196 1118 1283; x_wconf 86' lang='lat' dir='ltr'><strong>consistit,</strong></span> <span class='ocrx_word' id='word_1_65' title='bbox 1138 1197 1185 1268; x_wconf 91' lang='lat' dir='ltr'><strong>ita</strong></span> <span class='ocrx_word' id='word_1_66' title='bbox 1202 1220 1268 1268; x_wconf 92' lang='lat' dir='ltr'><strong>nou</strong></span> 
     </span>
     <span class='ocr_line' id='line_1_9' title="bbox 157 1308 1268 1408; baseline 0 -26"><span class='ocrx_word' id='word_1_67' title='bbox 157 1325 268 1408; x_wconf 89' lang='lat' dir='ltr'><strong>potest</strong></span> <span class='ocrx_word' id='word_1_68' title='bbox 290 1309 451 1408; x_wconf 78' lang='lat' dir='ltr'><strong>distingui</strong></span> <span class='ocrx_word' id='word_1_69' title='bbox 485 1326 674 1383; x_wconf 64' lang='lat' dir='ltr'><strong>consectus</strong></span> <span class='ocrx_word' id='word_1_70' title='bbox 699 1308 884 1407; x_wconf 81' lang='lat' dir='ltr'><strong>coniugalis</strong></span> <span class='ocrx_word' id='word_1_71' title='bbox 910 1336 930 1383; x_wconf 90' lang='lat' dir='ltr'><strong>a</strong></span> <span class='ocrx_word' id='word_1_72' title='bbox 954 1325 1164 1384; x_wconf 87' lang='lat' dir='ltr'><strong>sacramento</strong></span> <span class='ocrx_word' id='word_1_73' title='bbox 1191 1309 1268 1408; x_wconf 88' lang='lat' dir='ltr'><strong>ipso</strong></span> 
     </span>
     <span class='ocr_line' id='line_1_10' title="bbox 157 1424 1270 1525; baseline 0.004 -31"><span class='ocrx_word' id='word_1_74' title='bbox 157 1424 377 1511; x_wconf 85' lang='lat' dir='ltr'><strong>matrimonii,</strong></span> <span class='ocrx_word' id='word_1_75' title='bbox 399 1425 479 1525; x_wconf 89' lang='lat' dir='ltr'><strong>quia</strong></span> <span class='ocrx_word' id='word_1_76' title='bbox 492 1424 527 1496; x_wconf 93' lang='lat' dir='ltr'><strong>in</strong></span> <span class='ocrx_word' id='word_1_77' title='bbox 541 1451 593 1512; x_wconf 91' lang='lat' dir='ltr'><strong>eo,</strong></span> <span class='ocrx_word' id='word_1_78' title='bbox 610 1425 669 1497; x_wconf 93' lang='lat' dir='ltr'><strong>ubi</strong></span> <span class='ocrx_word' id='word_1_79' title='bbox 684 1425 869 1499; x_wconf 88' lang='lat' dir='ltr'><strong>celebretur</strong></span> <span class='ocrx_word' id='word_1_80' title='bbox 884 1425 948 1498; x_wconf 91' lang='lat' dir='ltr'><strong>sub</strong></span> <span class='ocrx_word' id='word_1_81' title='bbox 964 1425 1088 1498; x_wconf 86' lang='lat' dir='ltr'><strong>debitis</strong></span> <span class='ocrx_word' id='word_1_82' title='bbox 1105 1425 1270 1499; x_wconf 91' lang='lat' dir='ltr'><strong>conditio-</strong></span> 
     </span>
     <span class='ocr_line' id='line_1_11' title="bbox 158 1537 1191 1624; baseline 0.003 -16"><span class='ocrx_word' id='word_1_83' title='bbox 158 1537 278 1624; x_wconf 87' lang='lat' dir='ltr'><strong>nibus,</strong></span> <span class='ocrx_word' id='word_1_84' title='bbox 307 1540 454 1611; x_wconf 87' lang='lat' dir='ltr'><strong>essentia</strong></span> <span class='ocrx_word' id='word_1_85' title='bbox 479 1540 677 1613; x_wconf 87' lang='lat' dir='ltr'><strong>sacramenti</strong></span> <span class='ocrx_word' id='word_1_86' title='bbox 699 1541 903 1614; x_wconf 89' lang='lat' dir='ltr'><strong>matrimonii</strong></span> <span class='ocrx_word' id='word_1_87' title='bbox 928 1540 1107 1613; x_wconf 86' lang='lat' dir='ltr'><strong>constituta</strong></span> <span class='ocrx_word' id='word_1_88' title='bbox 1128 1556 1191 1614; x_wconf 88' lang='lat' dir='ltr'><strong>est.</strong></span> 
     </span>
     <span class='ocr_line' id='line_1_12' title="bbox 157 1654 1268 1752; baseline 0.005 -28"><span class='ocrx_word' id='word_1_89' title='bbox 157 1704 162 1715; x_wconf 79' lang='lat'><strong>,</strong></span> <span class='ocrx_word' id='word_1_90' title='bbox 221 1655 280 1725; x_wconf 84' lang='lat' dir='ltr'><strong>.Ne</strong></span> <span class='ocrx_word' id='word_1_91' title='bbox 305 1669 415 1726; x_wconf 88' lang='lat' dir='ltr'><strong>autem</strong></span> <span class='ocrx_word' id='word_1_92' title='bbox 431 1654 605 1728; x_wconf 83' lang='lat' dir='ltr'><strong>videamur</strong></span> <span class='ocrx_word' id='word_1_93' title='bbox 622 1656 657 1728; x_wconf 92' lang='lat' dir='ltr'><strong>id</strong></span> <span class='ocrx_word' id='word_1_94' title='bbox 674 1658 819 1752; x_wconf 80' lang='lat' dir='ltr'><strong>gratuito</strong></span> <span class='ocrx_word' id='word_1_95' title='bbox 836 1655 1023 1743; x_wconf 80' lang='lat' dir='ltr'><strong>affirmare,</strong></span> <span class='ocrx_word' id='word_1_96' title='bbox 1042 1655 1165 1729; x_wconf 84' lang='lat' dir='ltr'><strong>iuuerit</strong></span> <span class='ocrx_word' id='word_1_97' title='bbox 1180 1655 1268 1729; x_wconf 89' lang='lat' dir='ltr'><strong>hanc</strong></span> 
     </span>
     <span class='ocr_line' id='line_1_13' title="bbox 157 1766 1268 1870; baseline 0.003 -31"><span class='ocrx_word' id='word_1_98' title='bbox 157 1766 344 1841; x_wconf 90' lang='lat' dir='ltr'><strong>doctrinam</strong></span> <span class='ocrx_word' id='word_1_99' title='bbox 362 1769 564 1843; x_wconf 88' lang='lat' dir='ltr'><strong>ineluctabili</strong></span> <span class='ocrx_word' id='word_1_100' title='bbox 581 1771 755 1843; x_wconf 84' lang='lat' dir='ltr'><strong>adstruere</strong></span> <span class='ocrx_word' id='word_1_101' title='bbox 772 1777 966 1844; x_wconf 87' lang='lat' dir='ltr'><strong>auctoritate</strong></span> <span class='ocrx_word' id='word_1_102' title='bbox 984 1797 1013 1843; x_wconf 89' lang='lat' dir='ltr'><strong>s.</strong></span> <span class='ocrx_word' id='word_1_103' title='bbox 1030 1770 1188 1857; x_wconf 87' lang='lat' dir='ltr'><strong>Thomae,</strong></span> <span class='ocrx_word' id='word_1_104' title='bbox 1208 1770 1268 1870; x_wconf 90' lang='lat' dir='ltr'><strong>qui</strong></span> 
     </span>
     <span class='ocr_line' id='line_1_14' title="bbox 157 1884 1267 1984; baseline 0.001 -29"><span class='ocrx_word' id='word_1_105' title='bbox 157 1909 349 1983; x_wconf 90' lang='lat' dir='ltr'><strong>proponens</strong></span> <span class='ocrx_word' id='word_1_106' title='bbox 381 1884 566 1959; x_wconf 87' lang='lat' dir='ltr'><strong>doctrinam</strong></span> <span class='ocrx_word' id='word_1_107' title='bbox 597 1911 659 1958; x_wconf 91' lang='lat' dir='ltr'><strong>sua</strong></span> <span class='ocrx_word' id='word_1_108' title='bbox 694 1901 801 1958; x_wconf 89' lang='lat' dir='ltr'><strong>aetate</strong></span> <span class='ocrx_word' id='word_1_109' title='bbox 828 1885 995 1982; x_wconf 79' lang='lat' dir='ltr'><strong>vigentem</strong></span> <span class='ocrx_word' id='word_1_110' title='bbox 1026 1885 1116 1959; x_wconf 87' lang='lat' dir='ltr'><strong>circa</strong></span> <span class='ocrx_word' id='word_1_111' title='bbox 1144 1910 1267 1984; x_wconf 90' lang='lat' dir='ltr'><strong>aquam</strong></span> 
     </span>
     <span class='ocr_line' id='line_1_15' title="bbox 156 1998 1269 2099; baseline 0.002 -28"><span class='ocrx_word' id='word_1_112' title='bbox 156 1998 317 2099; x_wconf 87' lang='lat' dir='ltr'><strong>baptismi</strong></span> <span class='ocrx_word' id='word_1_113' title='bbox 330 1999 414 2072; x_wconf 88' lang='lat' dir='ltr'><strong>haec</strong></span> <span class='ocrx_word' id='word_1_114' title='bbox 426 1999 469 2072; x_wconf 86' lang='lat' dir='ltr'><strong>ud</strong></span> <span class='ocrx_word' id='word_1_115' title='bbox 483 2025 552 2071; x_wconf 91' lang='lat' dir='ltr'><strong>rem</strong></span> <span class='ocrx_word' id='word_1_116' title='bbox 567 2015 714 2073; x_wconf 89' lang='lat' dir='ltr'><strong>nostram</strong></span> <span class='ocrx_word' id='word_1_117' title='bbox 728 2000 862 2073; x_wconf 92' lang='lat' dir='ltr'><strong>scribit:</strong></span> <span class='ocrx_word' id='word_1_118' title='bbox 877 1998 1046 2085; x_wconf 76' lang='lat' dir='ltr'><strong>«Quidam</strong></span> <span class='ocrx_word' id='word_1_119' title='bbox 1059 2000 1269 2073; x_wconf 83' lang='lat' dir='ltr'><strong>existimave-</strong></span> 
     </span>
     <span class='ocr_line' id='line_1_16' title="bbox 159 2113 1268 2213; baseline -0.002 -26"><span class='ocrx_word' id='word_1_120' title='bbox 159 2127 247 2202; x_wconf 87' lang='lat' dir='ltr'><strong>runt,</strong></span> <span class='ocrx_word' id='word_1_121' title='bbox 263 2113 355 2213; x_wconf 90' lang='lat' dir='ltr'><strong>quod</strong></span> <span class='ocrx_word' id='word_1_122' title='bbox 368 2114 442 2212; x_wconf 91' lang='lat' dir='ltr'><strong>ipsa</strong></span> <span class='ocrx_word' id='word_1_123' title='bbox 455 2139 544 2212; x_wconf 86' lang='lat' dir='ltr'><strong>aqua</strong></span> <span class='ocrx_word' id='word_1_124' title='bbox 556 2114 601 2187; x_wconf 85' lang='lat' dir='ltr'><strong>sit</strong></span> <span class='ocrx_word' id='word_1_125' title='bbox 614 2130 869 2186; x_wconf 89' lang='lat' dir='ltr'><strong>sacramentum.</strong></span> <span class='ocrx_word' id='word_1_126' title='bbox 879 2170 885 2184; x_wconf 94' lang='lat'><strong><em>.</em></strong></span> <span class='ocrx_word' id='word_1_127' title='bbox 895 2113 992 2187; x_wconf 87' lang='lat' dir='ltr'><strong>..Sed</strong></span> <span class='ocrx_word' id='word_1_128' title='bbox 1009 2113 1074 2186; x_wconf 93' lang='lat' dir='ltr'><strong>hoc</strong></span> <span class='ocrx_word' id='word_1_129' title='bbox 1091 2138 1158 2185; x_wconf 91' lang='lat' dir='ltr'><strong>non</strong></span> <span class='ocrx_word' id='word_1_130' title='bbox 1175 2113 1268 2185; x_wconf 91' lang='lat' dir='ltr'><strong>vide·</strong></span> 
     </span>
     <span class='ocr_line' id='line_1_17' title="bbox 158 2227 1269 2323; baseline -0.001 -23"><span class='ocrx_word' id='word_1_131' title='bbox 158 2243 212 2300; x_wconf 93' lang='lat' dir='ltr'><strong>tur</strong></span> <span class='ocrx_word' id='word_1_132' title='bbox 224 2253 302 2300; x_wconf 88' lang='lat' dir='ltr'><strong>esse</strong></span> <span class='ocrx_word' id='word_1_133' title='bbox 313 2253 440 2300; x_wconf 85' lang='lat' dir='ltr'><strong>verum.</strong></span> <span class='ocrx_word' id='word_1_134' title='bbox 449 2227 531 2300; x_wconf 81' lang='lat' dir='ltr'><strong>Cum</strong></span> <span class='ocrx_word' id='word_1_135' title='bbox 544 2227 634 2300; x_wconf 91' lang='lat' dir='ltr'><strong>enim</strong></span> <span class='ocrx_word' id='word_1_136' title='bbox 648 2243 856 2300; x_wconf 91' lang='lat' dir='ltr'><strong>sacramenta</strong></span> <span class='ocrx_word' id='word_1_137' title='bbox 865 2253 971 2301; x_wconf 84' lang='lat' dir='ltr'><strong>novae</strong></span> <span class='ocrx_word' id='word_1_138' title='bbox 983 2227 1066 2323; x_wconf 84' lang='lat' dir='ltr'><strong>legis</strong></span> <span class='ocrx_word' id='word_1_139' title='bbox 1080 2227 1269 2300; x_wconf 89' lang='lat' dir='ltr'><strong>sanctifica-</strong></span> 
     </span>
     <span class='ocr_line' id='line_1_18' title="bbox 158 2339 1268 2441; baseline -0.002 -27"><span class='ocrx_word' id='word_1_140' title='bbox 158 2341 283 2416; x_wconf 89' lang='lat' dir='ltr'><strong>tionem</strong></span> <span class='ocrx_word' id='word_1_141' title='bbox 300 2341 480 2441; x_wconf 89' lang='lat' dir='ltr'><strong>quamdam</strong></span> <span class='ocrx_word' id='word_1_142' title='bbox 498 2357 694 2440; x_wconf 81' lang='lat' dir='ltr'><strong>operentur,</strong></span> <span class='ocrx_word' id='word_1_143' title='bbox 711 2341 759 2413; x_wconf 94' lang='lat' dir='ltr'><strong>ibi</strong></span> <span class='ocrx_word' id='word_1_144' title='bbox 772 2341 943 2440; x_wconf 89' lang='lat' dir='ltr'><strong>perficitur</strong></span> <span class='ocrx_word' id='word_1_145' title='bbox 955 2357 1197 2414; x_wconf 88' lang='lat' dir='ltr'><strong>sacramentum</strong></span> <span class='ocrx_word' id='word_1_146' title='bbox 1209 2339 1268 2412; x_wconf 91' lang='lat' dir='ltr'><strong>ubi</strong></span> 
     </span>
     <span class='ocr_line' id='line_1_19' title="bbox 157 2454 1269 2554; baseline -0.003 -26"><span class='ocrx_word' id='word_1_147' title='bbox 157 2454 336 2554; x_wconf 82' lang='lat' dir='ltr'><strong>perficitur</strong></span> <span class='ocrx_word' id='word_1_148' title='bbox 347 2456 579 2529; x_wconf 89' lang='lat' dir='ltr'><strong>sanctificatio.</strong></span> <span class='ocrx_word' id='word_1_149' title='bbox 594 2457 632 2526; x_wconf 91' lang='lat' dir='ltr'><strong>lu</strong></span> <span class='ocrx_word' id='word_1_150' title='bbox 651 2481 739 2554; x_wconf 90' lang='lat' dir='ltr'><strong>aqua</strong></span> <span class='ocrx_word' id='word_1_151' title='bbox 757 2472 867 2532; x_wconf 83' lang='lat' dir='ltr'><strong>autem</strong></span> <span class='ocrx_word' id='word_1_152' title='bbox 881 2481 948 2528; x_wconf 93' lang='lat' dir='ltr'><strong>non</strong></span> <span class='ocrx_word' id='word_1_153' title='bbox 961 2454 1133 2553; x_wconf 88' lang='lat' dir='ltr'><strong>perficitur</strong></span> <span class='ocrx_word' id='word_1_154' title='bbox 1144 2454 1269 2527; x_wconf 89' lang='lat' dir='ltr'><strong>sanati-</strong></span> 
     </span>
     <span class='ocr_line' id='line_1_20' title="bbox 158 2572 1264 2671; baseline -0.001 -28"><span class='ocrx_word' id='word_1_155' title='bbox 158 2573 352 2646; x_wconf 87' lang='lat' dir='ltr'><strong>ficatio...et</strong></span> <span class='ocrx_word' id='word_1_156' title='bbox 372 2573 449 2646; x_wconf 91' lang='lat' dir='ltr'><strong>ideo</strong></span> <span class='ocrx_word' id='word_1_157' title='bbox 469 2588 713 2646; x_wconf 90' lang='lat' dir='ltr'><strong>sacramentum</strong></span> <span class='ocrx_word' id='word_1_158' title='bbox 732 2597 798 2645; x_wconf 90' lang='lat' dir='ltr'><strong>non</strong></span> <span class='ocrx_word' id='word_1_159' title='bbox 817 2572 987 2671; x_wconf 91' lang='lat' dir='ltr'><strong>perficitur</strong></span> <span class='ocrx_word' id='word_1_160' title='bbox 1006 2572 1041 2642; x_wconf 92' lang='lat' dir='ltr'><strong>in</strong></span> <span class='ocrx_word' id='word_1_161' title='bbox 1063 2578 1139 2671; x_wconf 90' lang='lat' dir='ltr'><strong>ipsa</strong></span> <span class='ocrx_word' id='word_1_162' title='bbox 1159 2596 1264 2671; x_wconf 90' lang='lat' dir='ltr'><strong>aqua,</strong></span> 
     </span>
     <span class='ocr_line' id='line_1_21' title="bbox 157 2687 1263 2786; baseline -0.002 -27"><span class='ocrx_word' id='word_1_163' title='bbox 157 2688 213 2759; x_wconf 86' lang='lat' dir='ltr'><strong>scd</strong></span> <span class='ocrx_word' id='word_1_164' title='bbox 237 2690 274 2759; x_wconf 83' lang='lat' dir='ltr'><strong>in</strong></span> <span class='ocrx_word' id='word_1_165' title='bbox 297 2690 514 2786; x_wconf 80' lang='lat' dir='ltr'><strong>applicatione</strong></span> <span class='ocrx_word' id='word_1_166' title='bbox 547 2687 720 2786; x_wconf 79' lang='lat' dir='ltr'><strong>aquaead</strong></span> <span class='ocrx_word' id='word_1_167' title='bbox 746 2689 922 2772; x_wconf 77' lang='lat' dir='ltr'><strong>homiaem,</strong></span> <span class='ocrx_word' id='word_1_168' title='bbox 951 2713 1032 2786; x_wconf 84' lang='lat' dir='ltr'><strong>quac</strong></span> <span class='ocrx_word' id='word_1_169' title='bbox 1058 2702 1105 2760; x_wconf 86' lang='lat' dir='ltr'><strong>est</strong></span> <span class='ocrx_word' id='word_1_170' title='bbox 1128 2687 1263 2760; x_wconf 85' lang='lat' dir='ltr'><strong>ablatio.</strong></span> 
     </span>
     <span class='ocr_line' id='line_1_22' title="bbox 158 2800 1268 2903; baseline 0.001 -32"><span class='ocrx_word' id='word_1_171' title='bbox 158 2800 202 2872; x_wconf 72' lang='lat' dir='ltr'><strong>ut</strong></span> <span class='ocrx_word' id='word_1_172' title='bbox 224 2801 301 2874; x_wconf 87' lang='lat' dir='ltr'><strong>ideo</strong></span> <span class='ocrx_word' id='word_1_173' title='bbox 325 2803 485 2899; x_wconf 81' lang='lat' dir='ltr'><strong>magister</strong></span> <span class='ocrx_word' id='word_1_174' title='bbox 509 2802 613 2889; x_wconf 82' lang='lat' dir='ltr'><strong>dicit,</strong></span> <span class='ocrx_word' id='word_1_175' title='bbox 635 2802 725 2903; x_wconf 90' lang='lat' dir='ltr'><strong>quod</strong></span> <span class='ocrx_word' id='word_1_176' title='bbox 750 2804 939 2900; x_wconf 80' lang='lat' dir='ltr'><strong>Baptismus</strong></span> <span class='ocrx_word' id='word_1_177' title='bbox 957 2817 1004 2874; x_wconf 83' lang='lat' dir='ltr'><strong>cst</strong></span> <span class='ocrx_word' id='word_1_178' title='bbox 1020 2803 1143 2874; x_wconf 83' lang='lat' dir='ltr'><strong>ablatio</strong></span> <span class='ocrx_word' id='word_1_179' title='bbox 1161 2827 1268 2901; x_wconf 75' lang='lat' dir='ltr'><strong>corpo</strong></span> 
     </span>
     <span class='ocr_line' id='line_1_23' title="bbox 158 2918 1266 3016; baseline -0.001 -29"><span class='ocrx_word' id='word_1_180' title='bbox 158 2918 208 2988; x_wconf 81' lang='lat' dir='ltr'><strong>ris</strong></span> <span class='ocrx_word' id='word_1_181' title='bbox 236 2919 375 2989; x_wconf 72' lang='lat' dir='ltr'><strong>exterior</strong></span> <span class='ocrx_word' id='word_1_182' title='bbox 399 2919 489 3016; x_wconf 79' lang='lat' dir='ltr'><strong>facta</strong></span> <span class='ocrx_word' id='word_1_183' title='bbox 516 2918 575 2989; x_wconf 84' lang='lat' dir='ltr'><strong>sab</strong></span> <span class='ocrx_word' id='word_1_184' title='bbox 600 2919 706 3016; x_wconf 76' lang='lat' dir='ltr'><strong>serata</strong></span> <span class='ocrx_word' id='word_1_185' title='bbox 726 2920 932 3016; x_wconf 74' lang='lat' dir='ltr'><strong>praescripta</strong></span> <span class='ocrx_word' id='word_1_186' title='bbox 952 2919 1121 2990; x_wconf 84' lang='lat' dir='ltr'><strong>verboram</strong></span> <span class='ocrx_word' id='word_1_187' title='bbox 1153 2920 1266 3013; x_wconf 56' lang='lat' dir='ltr'><strong>(filla</strong></span> 
     </span>
     <span class='ocr_line' id='line_1_24' title="bbox 158 3031 1267 3132; baseline 0.003 -30"><span class='ocrx_word' id='word_1_188' title='bbox 158 3031 201 3105; x_wconf 81' lang='lat' dir='ltr'><strong>fit</strong></span> <span class='ocrx_word' id='word_1_189' title='bbox 214 3031 446 3106; x_wconf 75' lang='lat' dir='ltr'><strong>catechismus</strong></span> <span class='ocrx_word' id='word_1_190' title='bbox 464 3059 546 3106; x_wconf 91' lang='lat' dir='ltr'><strong>rom.</strong></span> <span class='ocrx_word' id='word_1_191' title='bbox 567 3064 584 3103; x_wconf 89' lang='lat'>«</span> <span class='ocrx_word' id='word_1_192' title='bbox 596 3033 635 3104; x_wconf 95' lang='lat' dir='ltr'><strong>ld</strong></span> <span class='ocrx_word' id='word_1_193' title='bbox 654 3059 750 3121; x_wconf 90' lang='lat' dir='ltr'><strong>vero,</strong></span> <span class='ocrx_word' id='word_1_194' title='bbox 774 3034 900 3132; x_wconf 91' lang='lat' dir='ltr'><strong>inquit,</strong></span> <span class='ocrx_word' id='word_1_195' title='bbox 924 3059 964 3107; x_wconf 95' lang='lat' dir='ltr'><strong>eo</strong></span> <span class='ocrx_word' id='word_1_196' title='bbox 982 3032 1178 3130; x_wconf 83' lang='lat' dir='ltr'><strong>diligentius</strong></span> <span class='ocrx_word' id='word_1_197' title='bbox 1195 3058 1267 3105; x_wconf 80' lang='lat' dir='ltr'><strong>mo</strong></span> 
     </span>
     <span class='ocr_line' id='line_1_25' title="bbox 158 3146 1268 3248; baseline -0.001 -29"><span class='ocrx_word' id='word_1_198' title='bbox 158 3173 239 3221; x_wconf 91' lang='lat' dir='ltr'><strong>nere</strong></span> <span class='ocrx_word' id='word_1_199' title='bbox 263 3146 471 3248; x_wconf 91' lang='lat' dir='ltr'><strong>opportebit,</strong></span> <span class='ocrx_word' id='word_1_200' title='bbox 493 3174 534 3220; x_wconf 90' lang='lat' dir='ltr'><strong>ne</strong></span> <span class='ocrx_word' id='word_1_201' title='bbox 552 3148 636 3220; x_wconf 84' lang='lat' dir='ltr'><strong>forta</strong></span> <span class='ocrx_word' id='word_1_202' title='bbox 653 3148 769 3222; x_wconf 89' lang='lat' dir='ltr'><strong>fideles</strong></span> <span class='ocrx_word' id='word_1_203' title='bbox 787 3149 821 3220; x_wconf 92' lang='lat' dir='ltr'><strong>in</strong></span> <span class='ocrx_word' id='word_1_204' title='bbox 839 3176 915 3221; x_wconf 91' lang='lat' dir='ltr'><strong>eum</strong></span> <span class='ocrx_word' id='word_1_205' title='bbox 933 3173 1078 3221; x_wconf 91' lang='lat' dir='ltr'><strong>errorem</strong></span> <span class='ocrx_word' id='word_1_206' title='bbox 1104 3146 1268 3219; x_wconf 90' lang='lat' dir='ltr'><strong>inducan-</strong></span> 
     </span>
     <span class='ocr_line' id='line_1_26' title="bbox 158 3262 1266 3364; baseline -0.001 -28"><span class='ocrx_word' id='word_1_207' title='bbox 158 3280 228 3352; x_wconf 91' lang='lat' dir='ltr'><strong>tur,</strong></span> <span class='ocrx_word' id='word_1_208' title='bbox 256 3280 293 3338; x_wconf 94' lang='lat' dir='ltr'><strong>ut</strong></span> <span class='ocrx_word' id='word_1_209' title='bbox 318 3262 527 3350; x_wconf 75' lang='lat' dir='ltr'><strong>existiment,</strong></span> <span class='ocrx_word' id='word_1_210' title='bbox 556 3264 646 3364; x_wconf 92' lang='lat' dir='ltr'><strong>quod</strong></span> <span class='ocrx_word' id='word_1_211' title='bbox 671 3263 772 3361; x_wconf 83' lang='lat' dir='ltr'><strong>vulgo</strong></span> <span class='ocrx_word' id='word_1_212' title='bbox 794 3264 861 3337; x_wconf 89' lang='lat' dir='ltr'><strong>dici</strong></span> <span class='ocrx_word' id='word_1_213' title='bbox 883 3263 1017 3337; x_wconf 90' lang='lat' dir='ltr'><strong>solitum</strong></span> <span class='ocrx_word' id='word_1_214' title='bbox 1043 3278 1115 3350; x_wconf 92' lang='lat' dir='ltr'><strong>est,</strong></span> <span class='ocrx_word' id='word_1_215' title='bbox 1144 3288 1266 3361; x_wconf 90' lang='lat' dir='ltr'><strong>aquam</strong></span> 
     </span>
     <span class='ocr_line' id='line_1_27' title="bbox 157 3377 1269 3477; baseline -0.001 -29"><span class='ocrx_word' id='word_1_216' title='bbox 157 3379 284 3477; x_wconf 85' lang='lat' dir='ltr'><strong>ipsam,</strong></span> <span class='ocrx_word' id='word_1_217' title='bbox 313 3404 400 3476; x_wconf 90' lang='lat' dir='ltr'><strong>quae</strong></span> <span class='ocrx_word' id='word_1_218' title='bbox 425 3378 469 3450; x_wconf 92' lang='lat' dir='ltr'><strong>ad</strong></span> <span class='ocrx_word' id='word_1_219' title='bbox 494 3377 740 3452; x_wconf 86' lang='lat' dir='ltr'><strong>conficiendum</strong></span> <span class='ocrx_word' id='word_1_220' title='bbox 764 3378 969 3477; x_wconf 86' lang='lat' dir='ltr'><strong>baptismum</strong></span> <span class='ocrx_word' id='word_1_221' title='bbox 998 3378 1032 3449; x_wconf 90' lang='lat' dir='ltr'><strong>iu</strong></span> <span class='ocrx_word' id='word_1_222' title='bbox 1062 3377 1269 3451; x_wconf 87' lang='lat' dir='ltr'><strong>sacrofonte</strong></span> 
     </span>
     <span class='ocr_line' id='line_1_28' title="bbox 156 3493 1268 3579; baseline 0 -16"><span class='ocrx_word' id='word_1_223' title='bbox 156 3508 368 3579; x_wconf 87' lang='lat' dir='ltr'><strong>asservatur,</strong></span> <span class='ocrx_word' id='word_1_224' title='bbox 402 3508 646 3566; x_wconf 89' lang='lat' dir='ltr'><strong>sacramentum</strong></span> <span class='ocrx_word' id='word_1_225' title='bbox 671 3517 767 3579; x_wconf 81' lang='lat' dir='ltr'><strong>esse3</strong></span> <span class='ocrx_word' id='word_1_226' title='bbox 796 3508 875 3565; x_wconf 90' lang='lat' dir='ltr'><strong>tunc</strong></span> <span class='ocrx_word' id='word_1_227' title='bbox 904 3493 993 3565; x_wconf 88' lang='lat' dir='ltr'><strong>enim</strong></span> <span class='ocrx_word' id='word_1_228' title='bbox 1023 3507 1268 3567; x_wconf 88' lang='lat' dir='ltr'><strong>sacramentum</strong></span> 
     </span>
     <span class='ocr_line' id='line_1_29' title="bbox 156 3606 1266 3707; baseline -0.002 -27"><span class='ocrx_word' id='word_1_229' title='bbox 156 3606 318 3707; x_wconf 83' lang='lat' dir='ltr'><strong>baptismi</strong></span> <span class='ocrx_word' id='word_1_230' title='bbox 339 3606 519 3681; x_wconf 88' lang='lat' dir='ltr'><strong>dicendum</strong></span> <span class='ocrx_word' id='word_1_231' title='bbox 537 3625 601 3696; x_wconf 88' lang='lat' dir='ltr'><strong>est,</strong></span> <span class='ocrx_word' id='word_1_232' title='bbox 623 3634 698 3682; x_wconf 88' lang='lat' dir='ltr'><strong>oum</strong></span> <span class='ocrx_word' id='word_1_233' title='bbox 717 3634 805 3707; x_wconf 91' lang='lat' dir='ltr'><strong>aqua</strong></span> <span class='ocrx_word' id='word_1_234' title='bbox 822 3609 864 3680; x_wconf 90' lang='lat' dir='ltr'><strong>ad</strong></span> <span class='ocrx_word' id='word_1_235' title='bbox 883 3607 1084 3681; x_wconf 86' lang='lat' dir='ltr'><strong>abluendum</strong></span> <span class='ocrx_word' id='word_1_236' title='bbox 1101 3606 1266 3706; x_wconf 91' lang='lat' dir='ltr'><strong>aliquem,</strong></span> 
     </span>
     <span class='ocr_line' id='line_1_30' title="bbox 157 3718 1270 3828; baseline -0.001 -37"><span class='ocrx_word' id='word_1_237' title='bbox 157 3718 284 3793; x_wconf 88' lang='lat' dir='ltr'><strong>additis</strong></span> <span class='ocrx_word' id='word_1_238' title='bbox 308 3721 438 3809; x_wconf 82' lang='lat' dir='ltr'><strong>verbis,</strong></span> <span class='ocrx_word' id='word_1_239' title='bbox 459 3748 547 3821; x_wconf 91' lang='lat' dir='ltr'><strong>quac</strong></span> <span class='ocrx_word' id='word_1_240' title='bbox 563 3749 585 3795; x_wconf 88' lang='lat' dir='ltr'><strong>a</strong></span> <span class='ocrx_word' id='word_1_241' title='bbox 601 3722 743 3795; x_wconf 89' lang='lat' dir='ltr'><strong>Domino</strong></span> <span class='ocrx_word' id='word_1_242' title='bbox 767 3723 919 3797; x_wconf 89' lang='lat' dir='ltr'><strong>instituta</strong></span> <span class='ocrx_word' id='word_1_243' title='bbox 944 3739 1038 3811; x_wconf 89' lang='lat' dir='ltr'><strong>sunt,</strong></span> <span class='ocrx_word' id='word_1_244' title='bbox 1067 3722 1180 3821; x_wconf 90' lang='lat' dir='ltr'><strong>reipsa</strong></span> <span class='ocrx_word' id='word_1_245' title='bbox 1195 3720 1270 3828; x_wconf 87' lang='lat' dir='ltr'><strong>uti-</strong></span> 
     </span>
     <span class='ocr_line' id='line_1_31' title="bbox 158 3839 463 3933; baseline -0.003 -25"><span class='ocrx_word' id='word_1_246' title='bbox 158 3862 234 3909; x_wconf 91' lang='lat' dir='ltr'><strong>mur</strong></span> <span class='ocrx_word' id='word_1_247' title='bbox 250 3839 367 3933; x_wconf 68' lang='grc'>(25).»</span> <span class='ocrx_word' id='word_1_248' title='bbox 461 3894 463 3898; x_wconf 25' lang='lat'><em>⁴</em></span> 
     </span>
    </p>

    <p class='ocr_par' dir='ltr' id='par_1_3' title="bbox 158 3951 1269 4170">
     <span class='ocr_line' id='line_1_32' title="bbox 231 3951 1269 4056; baseline -0.002 -32"><span class='ocrx_word' id='word_1_249' title='bbox 231 3952 338 4049; x_wconf 78' lang='lat' dir='ltr'><strong>lgitur</strong></span> <span class='ocrx_word' id='word_1_250' title='bbox 358 3979 447 4053; x_wconf 91' lang='lat' dir='ltr'><strong>aqua</strong></span> <span class='ocrx_word' id='word_1_251' title='bbox 464 3954 566 4028; x_wconf 87' lang='lat' dir='ltr'><strong>relate</strong></span> <span class='ocrx_word' id='word_1_252' title='bbox 582 3957 625 4029; x_wconf 89' lang='lat' dir='ltr'><strong>ad</strong></span> <span class='ocrx_word' id='word_1_253' title='bbox 642 3957 844 4056; x_wconf 92' lang='lat' dir='ltr'><strong>baptismum</strong></span> <span class='ocrx_word' id='word_1_254' title='bbox 871 3982 937 4029; x_wconf 92' lang='lat' dir='ltr'><strong>non</strong></span> <span class='ocrx_word' id='word_1_255' title='bbox 962 3970 1015 4028; x_wconf 90' lang='lat' dir='ltr'><strong>cst</strong></span> <span class='ocrx_word' id='word_1_256' title='bbox 1039 3953 1106 4026; x_wconf 91' lang='lat' dir='ltr'><strong>nisi</strong></span> <span class='ocrx_word' id='word_1_257' title='bbox 1131 3951 1269 4024; x_wconf 85' lang='lat' dir='ltr'><strong>materia</strong></span> 
     </span>
     <span class='ocr_line' id='line_1_33' title="bbox 158 4065 1269 4170; baseline 0.001 -34"><span class='ocrx_word' id='word_1_258' title='bbox 158 4081 297 4150; x_wconf 82' lang='lat' dir='ltr'><strong>remota,</strong></span> <span class='ocrx_word' id='word_1_259' title='bbox 328 4093 415 4166; x_wconf 90' lang='lat' dir='ltr'><strong>quae</strong></span> <span class='ocrx_word' id='word_1_260' title='bbox 440 4084 519 4143; x_wconf 88' lang='lat' dir='ltr'><strong>tunc</strong></span> <span class='ocrx_word' id='word_1_261' title='bbox 543 4069 651 4144; x_wconf 92' lang='lat' dir='ltr'><strong>solum</strong></span> <span class='ocrx_word' id='word_1_262' title='bbox 679 4071 715 4144; x_wconf 95' lang='lat' dir='ltr'><strong>fit</strong></span> <span class='ocrx_word' id='word_1_263' title='bbox 735 4072 892 4170; x_wconf 76' lang='lat' dir='ltr'><strong>prosimu</strong></span> <span class='ocrx_word' id='word_1_264' title='bbox 915 4096 991 4143; x_wconf 90' lang='lat' dir='ltr'><strong>oum</strong></span> <span class='ocrx_word' id='word_1_265' title='bbox 1017 4065 1179 4164; x_wconf 82' lang='lat' dir='ltr'><strong>tingitur,</strong></span> <span class='ocrx_word' id='word_1_266' title='bbox 1208 4090 1269 4138; x_wconf 86' lang='lat' dir='ltr'><strong>seu</strong></span> 
     </span>
    </p>
   </div>
   <div class='ocr_carea' id='block_1_3' title="bbox 230 4255 703 4402">
    <p class='ocr_par' dir='ltr' id='par_1_4' title="bbox 230 4255 703 4402">
     <span class='ocr_line' id='line_1_34' title="bbox 230 4255 703 4335; baseline 0.013 -30"><span class='ocrx_word' id='word_1_267' title='bbox 230 4255 325 4318; x_wconf 77' lang='lat' dir='ltr'><strong>(tt)1u</strong></span> <span class='ocrx_word' id='word_1_268' title='bbox 340 4262 364 4306; x_wconf 78' lang='grc'><strong>3.</strong></span> <span class='ocrx_word' id='word_1_269' title='bbox 375 4260 491 4309; x_wconf 78' lang='lat' dir='ltr'><strong>sentent.</strong></span> <span class='ocrx_word' id='word_1_270' title='bbox 506 4273 550 4323; x_wconf 82' lang='lat' dir='ltr'><strong>qu.</strong></span> <span class='ocrx_word' id='word_1_271' title='bbox 565 4267 605 4335; x_wconf 75' lang='grc' dir='ltr'><strong>66.ι</strong></span> <span class='ocrx_word' id='word_1_272' title='bbox 619 4262 666 4310; x_wconf 86' lang='lat' dir='ltr'><strong>art.</strong></span> <span class='ocrx_word' id='word_1_273' title='bbox 680 4268 703 4312; x_wconf 89' lang='lat'><strong>1.</strong></span> 
     </span>
     <span class='ocr_line' id='line_1_35' title="bbox 230 4335 692 4402; baseline 0.006 -17"><span class='ocrx_word' id='word_1_274' title='bbox 230 4335 280 4398; x_wconf 74' lang='lat'>(25)</span> <span class='ocrx_word' id='word_1_275' title='bbox 296 4335 363 4386; x_wconf 82' lang='lat' dir='ltr'><strong>Part.</strong></span> <span class='ocrx_word' id='word_1_276' title='bbox 375 4338 407 4387; x_wconf 89' lang='lat'><strong>11.</strong></span> <span class='ocrx_word' id='word_1_277' title='bbox 423 4340 460 4388; x_wconf 83' lang='lat' dir='ltr'><strong>Dc</strong></span> <span class='ocrx_word' id='word_1_278' title='bbox 471 4351 540 4389; x_wconf 82' lang='lat' dir='ltr'><strong>sacr.</strong></span> <span class='ocrx_word' id='word_1_279' title='bbox 552 4338 618 4402; x_wconf 86' lang='lat' dir='ltr'><strong>bapt.</strong></span> <span class='ocrx_word' id='word_1_280' title='bbox 632 4352 657 4388; x_wconf 88' lang='lat' dir='ltr'><strong>a.</strong></span> <span class='ocrx_word' id='word_1_281' title='bbox 669 4347 692 4389; x_wconf 83' lang='lat' dir='ltr'><strong>s.</strong></span> 
     </span>
    </p>
   </div>
   <div class='ocr_carea' id='block_1_4' title="bbox 0 0 1440 5062">
    <p class='ocr_par' dir='ltr' id='par_1_5' title="bbox 0 0 1440 5062">
     <span class='ocr_line' id='line_1_36' title="bbox 0 0 1440 5062; baseline 0 0"><span class='ocrx_word' id='word_1_282' title='bbox 0 0 1440 5062; x_wconf 95' lang='lat' dir='ltr'><strong> </strong></span> 
     </span>
    </p>
   </div>
  </div>
 </body>
</html>
