2872 5062
189 356 257 426 1t8
292 412 295 418 .
393 374 501 425 nar.
523 373 610 426 sacr.
632 374 654 423 1.
676 373 716 422 nn
733 371 864 423 norun.
886 372 1098 427 sncmnunro.
1166 416 1169 421 .

255 493 325 565 lam
350 517 428 566 vero
454 493 496 565 si.
511 518 551 565 ex
576 490 738 564 ecclesiae
763 488 948 579 catholicae
969 492 1121 566 doctrina
1139 493 1230 568 idom
1246 510 1300 570 cst

183 611 218 682 in
238 608 395 706 coniugio
416 607 675 682 christianorum
694 620 881 678 contractus
894 622 926 678 et
938 623 1197 697 sacramentum,
1212 609 1299 685 adeo

181 741 219 799 ut
232 723 291 798 ubi
300 739 431 798 nonest
446 737 830 819 sacramentnm‚.nequc
847 720 938 794 adsit
954 737 1164 811 contractus,
1182 740 1299 798 contra

180 867 260 916 uero
279 841 411 941 quoties
435 839 579 912 habetur
601 838 771 936 legitimus
797 854 999 926 contractus,
1019 838 1118 912 toties
1135 837 1300 914 habeatur

180 969 446 1040 sacramentum,
476 952 692 1026 manifestum
716 969 769 1027 est
793 952 929 1027 totidem
951 951 1070 1027 haberi
1089 970 1298 1029 sacramenta

178 1085 261 1172 quot
279 1070 445 1144 habentur
468 1082 682 1156 contractus,
706 1069 838 1143 etiamsi
861 1068 1051 1143 benedictio
1075 1069 1297 1145 sacerdotalis

180 1213 247 1262 non
272 1183 506 1271 intervenerit,
526 1200 626 1283 prout
641 1184 805 1282 contingit
817 1184 853 1257 in
872 1184 915 1258 iis
932 1182 1090 1258 omnibus
1107 1184 1295 1281 coniugiis,

178 1325 267 1400 quae
283 1297 494 1372 celebrantur
509 1296 578 1372 illis
595 1300 631 1371 in
646 1298 858 1396 regionibus,
874 1298 909 1370 in
929 1297 1054 1397 quibus
1075 1297 1297 1372 tridentinum

178 1408 348 1487 decretum
368 1436 434 1484 non
454 1427 507 1485 est
525 1411 747 1512 publicatum
772 1426 830 1487 aut
853 1411 986 1512 quoties
1007 1439 1048 1487 ex
1072 1411 1224 1510 legitima
1243 1412 1298 1484 di-

178 1525 393 1626 spensatione
409 1552 476 1601 non
494 1525 703 1600 celebrantur
728 1552 840 1601 coram
868 1525 1057 1614 sacerdota
1083 1540 1142 1600 aut
1166 1525 1298 1626 absque

177 1643 251 1716 eius
269 1641 526 1729 benedictione,
549 1668 637 1743 quaa
653 1643 800 1741 profecto
826 1668 892 1716 non
918 1658 1027 1741 pauca
1051 1658 1142 1716 sunt.
1165 1641 1297 1717 Exinde

161 1757 347 1832 evidenter
370 1772 461 1857 patet
486 1782 595 1857 neque
620 1756 887 1832 benedictionem
903 1756 946 1830 ad
964 1755 1164 1830 sacramenti
1182 1781 1297 1831 essen·

177 1873 257 1947 tiam
279 1872 466 1971 pertinere,
500 1897 609 1972 nequo
640 1872 847 1946 sacerdotem
871 1898 948 1947 asse
973 1871 1076 1945 huius
1094 1871 1296 1947 sacramenti

160 1986 380 2075 ministrum,
392 1987 451 2061 sed
466 2003 710 2068 sacramentum
724 1973 841 2086 perfici
855 1986 928 2061 solo
939 1986 1206 2066 contrahentium
1214 2012 1297 2061 oon·

175 2129 302 2189 sensu,
324 2087 371 2177 ac*
384 2118 560 2202 propterea
577 2102 812 2177 contrahentes
837 2103 929 2177 solos
955 2128 1033 2177 esse
1054 2102 1157 2199 huius
1181 2127 1297 2177 sacra·

164 2217 279 2292 menti
292 2215 631 2291 ministrosllilficile
644 2215 827 2291 admodum
840 2216 963 2291 accidit
974 2206 1196 2291 sectatoribus
1209 2206 1294 2292 Cani

158 2389 160 2393 v
174 2315 326 2407 inuenire
339 2330 515 2431 quidpiam
528 2328 642 2419 solidi,
652 2329 744 2431 quod
758 2330 984 2430 respondeant
991 2330 1072 2407 huic
1080 2326 1292 2428 argumento.

226 2474 229 2479 ·
251 2445 331 2521 Post
352 2444 449 2531 haec,
468 2445 524 2518 vix
542 2469 829 2545 superuacaneum
855 2468 922 2519 non
946 2443 1078 2518 videtur
1094 2438 1297 2542 ‚dinargu-

164 2572 446 2655 mentaurgero,
462 2583 549 2657 quae
562 2584 603 2630 ex
619 2558 695 2658 ipsa
714 2558 762 2631 rei
780 2571 900 2631 natura
924 2557 1174 2658 petipossuut.
1195 2558 1309 2645 Prae-s

158 2671 277 2769 ¹cipua
297 2685 407 2745 autem
433 2671 519 2745 ratio
537 2699 578 2745 ca
603 2687 673 2760 est,
694 2697 783 2772 quac
799 2699 819 2747 a
836 2671 1037 2748 Bellarmino
1055 2672 1240 2753 arcessitur
1256 2700 1297 2749 cx

161 2776 369 2871 ‚omnimoda
394 2772 691 2863 indissolubilitato
716 2787 965 2885 coniugiorum,
989 2814 1078 2888 quae
1095 2786 1295 2885 aclide-libus

162 2898 420 2983 ,contrabuntur
445 2901 648 2983 etiamsine
673 2900 907 2977 benedictione
932 2901 1149 2991 sacerdotali3
1169 2903 1217 2979 ita
1237 2920 1293 2991 ut,

175 3016 207 3089 si
219 3032 492 3096 'consummatum
511 3015 629 3108 luerit,
648 3017 921 3116 numquam-nisi
943 3043 1004 3116 per
1019 3016 1296 3113 mortemdirimi

156 3129 319 3227 possint.
336 3127 512 3221 Eiusmodi
538 3143 648 3203 autem
667 3129 808 3205 allectus
833 3147 886 3204 est
909 3129 957 3218 id,
977 3130 1074 3231 quod,
1093 3129 1297 3231 sffdugnsti·

171 3269 238 3331 nus
266 3244 303 3315 in
328 3241 414 3317 libro
438 3245 487 3317 Dc
513 3244 592 3327 bono
621 3246 814 3343 conioqalc',
849 3272 917 3318 rent
949 3260 1046 3323 vocat
1073 3245 1294 3347 sacramenti.

172 3352 281 3446 Hanc
296 3372 408 3447 autem
432 3358 662 3454 omnimodam
694 3359 886 3433 firmitatem
915 3359 1041 3459 lruatra
1076 3386 1222 3461 quaeres
1258 3360 1297 3435 in

173 3470 301 3571 nuptiis
334 3471 569 3563 ethnicorum,
603 3498 691 3572 quae
724 3471 894 3548 nonnullis
921 3473 1295 3578 lucullus-:diffidi

160 3784 163 3788 .
174 3734 240 3789 della
248 3737 332 3789 chiesa
340 3738 463 3800 entolina,
473 3739 520 3791 cho
528 3738 546 3789 il
558 3740 711 3790 sacramanto
719 3752 769 3790 non
779 3740 794 3791 c
804 3740 899 3811 qualitl
909 3739 1190 3807 accidentalcuggiunta
1200 3741 1228 3795 al
1237 3753 1296 3795 con·

172 3816 265 3878 netto,
284 3829 325 3866 ma
340 3816 354 3867 d
372 3816 399 3866 di
414 3829 513 3867 esscnza
528 3817 551 3867 al
569 3816 725 3867 matrimonio
743 3818 820 3868 stesso
825 3854 834 3881 ,
846 3819 896 3868 cosl
907 3818 952 3869 che
961 3819 987 3869 la
997 3817 1088 3869 unione
1097 3816 1298 3883 coniugaletrul

155 3944 158 3951 .
170 3895 282 3947 uistiani
291 3908 341 3947 non
349 3895 364 3947 a
373 3895 507 3960 legittima,
517 3909 545 3947 ac
554 3908 605 3948 non
614 3897 654 3948 nal
664 3896 821 3948 matrimonio
829 3900 991 3962 sacramento,
999 3898 1064 3950 tucri
1071 3898 1112 3951 del
1122 3899 1196 3962 quate
1206 3911 1258 3951 uon
1267 3899 1293 3948 ri

171 3976 242 4028 coho
252 3990 286 4027 un
297 3979 376 4042 pretto
385 3977 574 4028 concubinatu.»

245 4059 352 4109 nectara
361 4057 391 4109 dt
402 4061 458 4108 sco
471 4057 578 4109 santttc
587 4059 637 4108 Pto
648 4060 700 4109 ΙΧ.
714 4061 797 4111 asca
808 4060 911 4112 Maesta
924 4062 1034 4112 Vtttorto
1046 4060 1232 4113 emmanuele.
1249 4060 1296 4113 cs·

171 4137 335 4201 ablgandulto
349 4145 387 4189 19.
397 4137 526 4189 settembr.
539 4142 607 4188 1852.
620 4137 658 4189 cl.
669 4137 837 4189 Allocaatonc
847 4136 921 4191 della
931 4140 1037 4192 sentito
1047 4139 1076 4191 dt
1087 4141 1296 4209 contrectantem

170 4218 218 4267 Pto
234 4219 310 4282 Papo
324 4218 378 4268 ΙΧ.
388 4216 418 4268 ot
431 4228 508 4268 sacro
524 4215 638 4282 collecto
652 4216 697 4269 acl
710 4220 854 4271 concutere
870 4220 971 4284 secroto
984 4217 1027 4270 del
1043 4225 1083 4275 tt.
1094 4214 1215 4276 cannam
1225 4223 1293 4273 1⁸55.

171 4298 249 4349 nomn
261 4302 329 4348 1⁸55.
341 4297 497 4349 Documenta
509 4308 579 4349 num.
588 4299 631 4351 ιι.
641 4310 697 4361 pag.
713 4301 764 4349 tta.
