2872 5062
328 385 399 442 cnr:
418 391 462 442 ut:
483 391 524 441 on
550 386 651 440 insat.
675 391 788 442 conra.
812 393 849 441 nr
867 392 1053 444 sien-mr.
1076 394 1098 442 r.
1200 370 1268 443 tto

155 500 371 584 sacramento
388 508 631 596 eucharistiae,
653 512 902 584 consecratione
927 504 1081 611 peracta,
1101 527 1273 587 remanent

156 626 293 724 species
318 640 552 712 consecratae,
577 650 664 723 quae
688 641 766 699 sunt
786 616 975 725 symbolum
993 625 1154 700 sensibile
1170 643 1271 727 atque

157 745 332 814 externum
353 740 476 812 interni
499 739 646 813 alimenti
672 739 858 839 spiritualis
877 744 940 837 (9).
961 743 1030 815 lam
1046 767 1146 828 vero,
1169 743 1198 814 si
1217 768 1271 815 sa·

161 871 367 928 crementum
385 855 532 952 coniugii
557 855 771 943 consisteret,
792 872 851 928 aut
866 857 1090 956 requireretur
1106 857 1140 926 in
1158 883 1194 929 re
1211 856 1274 928 ali-

158 996 227 1068 qua
243 996 265 1043 a
282 968 450 1082 coniugali
467 969 593 1042 unione
609 970 786 1056 distincta,
808 985 976 1044 transacta
991 971 1094 1043 semel
1112 970 1171 1042 illa
1188 997 1272 1069 qua-

157 1074 328 1183 licumque
349 1085 555 1171 ceremonia,
580 1085 615 1156 in
641 1111 708 1184 qua
731 1086 824 1160 iuxta
841 1085 1052 1159 adversarios
1076 1086 1273 1158 consisteret

157 1200 261 1273 totius
285 1190 485 1272 sacramenti
512 1199 617 1286 ratio,
647 1199 733 1271 nihil
760 1199 1052 1273 sacramentalem
1074 1199 1132 1273 illa
1147 1201 1272 1272 unione

157 1330 407 1412 perseveraret,
433 1339 521 1413 quae
543 1315 632 1387 lacta
653 1314 773 1387 luisset
798 1340 858 1413 per
874 1306 1081 1388 contractum
1099 1315 1234 1415 penitus
1251 1341 1271 1387 a

159 1420 368 1502 sacramento
386 1429 605 1516 distinctum,
631 1445 733 1528 atque
749 1428 954 1516 seiunctum,
979 1446 1013 1502 et
1031 1430 1066 1500 in
1088 1455 1189 1527 quem
1202 1478 1223 1517 ,ψ
1236 1445 1273 1503 ut

158 1536 528 1629 contenditunnullum
548 1544 712 1615 inlluxum
732 1536 976 1616 sacramentum
995 1537 1138 1630 exercet,
1159 1559 1274 1643 utpote

157 1658 247 1757 quod
265 1657 465 1731 consisteret
482 1673 611 1731 tantum
629 1660 664 1730 in
684 1675 760 1731 acto
785 1675 989 1744 transeunte,
1009 1686 1084 1732 ⁴non
1107 1675 1218 1731 autem
1236 1658 1272 1730 in

158 1787 245 1844 statu
258 1787 480 1870 parmanente.
494 1771 660 1856 Quocirca
676 1791 887 1872 permaneret
904 1774 939 1845 in
958 1789 1045 1846 statu
1064 1799 1126 1846 suo
1143 1789 1176 1846 et
1192 1798 1272 1846 con-

160 1886 288 1960 ditione
310 1901 500 1961 contractus
524 1914 615 1961 mere
640 1888 803 1963 naturalis
826 1906 928 1990 atque
947 1889 1078 1976 civilis,
1107 1915 1205 1962 secus
1232 1914 1271 1962 ac

159 1996 334 2074 christiani
351 2002 510 2074 connubii
529 2019 648 2075 natura
664 2029 705 2075 ex
722 2003 822 2078 dictis
840 2003 996 2102 postulet.
1011 2002 1108 2087 Quod
1126 2004 1272 2135 prolecto

160 2140 256 2189 nemo
277 2115 519 2190 catholicorum
542 2117 642 2191 dicet.

227 2222 271 2304 At
288 2224 438 2330 praestat
453 2231 515 2303 id
506 2258 618 2332 ipsum
636 2233 904 2306 adversariorum
922 2232 1044 2329 agendi
1065 2231 1194 2333 ratione
1208 2229 1273 2302 lir-

161 2345 447 2419 mius‘constitui.
475 2346 559 2418 Cum
585 2347 675 2418 enim
702 2348 810 2445 Nuytz
843 2373 962 2444 urgere
994 2345 1116 2418 realem
1131 2429 1133 2433 .
1146 2346 1275 2418 eiusce·

158 2459 246 2533 modi
273 2460 525 2535 distinctionem
554 2462 642 2533 inter
672 2477 880 2534 contractum
906 2476 940 2533 et
969 2459 1213 2534 sacramentum
1238 2460 1273 2531 in

158 2575 323 2673 coniugiis
343 2574 603 2650 christianorum
625 2575 690 2648 sihi
713 2576 958 2676 proposuisset,
983 2574 1030 2647 ita
1050 2591 1088 2648 ut
1108 2575 1192 2648 ratio
1217 2600 1273 2648 sa·

158 2689 316 2764 crementi
341 2689 478 2763 accedat
501 2705 673 2789 tamquam
699 2690 743 2763 ab
768 2691 1023 2763 extrinsecam
1050 2716 1269 2778 consensum,

160 2801 294 2902 negarit
308 2804 480 2879 Christum
503 2805 655 2878 evexisse
676 2806 925 2879 matrimonium
943 2806 987 2878 ad
1004 2806 1201 2902 dignitatem
1218 2831 1274 2878 sa-

160 2922 319 2993 cramenti
343 2924 432 3017 (to).
451 2922 552 2998 Porro
571 2920 627 2993 hic
648 2939 765 2995 auctor
781 2949 848 2996 non
866 2922 999 3018 negavit
1023 2920 1273 2994 matrimonium

157 3061 261 3108 unum
279 3061 355 3110 esse
372 3062 413 3108 ex
431 3053 558 3136 septem
576 3035 739 3109 ecclesiae
762 3036 980 3109 sacramentis
994 3061 1014 3107 a
1027 3033 1186 3106 Christo
1177 3033 1274 3105 msti-

158 3152 258 3239 tutis,
289 3152 379 3251 quod
405 3151 610 3226 haereticum
636 3167 748 3238 esset,
778 3150 839 3224 sed
857 3178 897 3224 eo
915 3176 1017 3224 sensu
1035 3148 1206 3222 inficiatus
1224 3162 1276 3222 cst

157 3264 328 3342 Christum
346 3268 499 3341 evexisse
515 3268 766 3340 matrimonium
779 3267 823 3339 ad
837 3267 1034 3363 dignitatem
1057 3263 1271 3350 sacramenti,

157 3400 323 3484 quatenus
340 3400 547 3457 contractum
573 3384 685 3483 ipsum
711 3381 897 3456 naturalem
923 3408 984 3455 seu
1009 3380 1142 3453 civilem
1159 3378 1274 3451 lecerit

158 3493 425 3587 sacramentum,
453 3500 484 3572 ei
500 3494 580 3573 'vim
605 3497 755 3572 tribuens
781 3496 1017 3597 producendae
1041 3495 1169 3592 gratiae
1193 3520 1273 3567 con·-

157 3613 369 3688 trahentibus
396 3614 431 3685 in
457 3629 535 3686 actu
560 3614 658 3714 ipso,
688 3630 721 3686 et
746 3627 940 3713 peractum
966 3609 1210 3696 contrahendi,
1238 3612 1276 3680 ut

156 3728 279 3802 deinde
296 3726 594 3827 argumentaretur,
612 3729 775 3801 rationem
790 3727 989 3802 sacramenti
1008 3726 1075 3825 ipsi
1092 3722 1275 3798 contractui

156 3843 190 3915 in
214 3870 380 3918 esse-suo
405 3843 473 3916 iam
499 3845 680 3918 constituto
705 3871 765 3944 per
789 3843 1057 3917 benedictionem
1088 3837 1274 3912 sacerdotis

157 3960 333 4046 accedere,
358 3975 391 4032 et
416 3959 466 4032 sic
492 3959 633 4032 alterum
656 3958 699 4031 ah
720 3957 823 4033 altero
845 3958 1078 4054 distingueret.
1100 3953 1142 4024 Et
1162 3950 1273 4050 reipsa

157 4097 195 4144 ex
229 4074 295 4149 hoc
328 4073 494 4173 principio
525 4075 633 4172 Nuytz
667 4072 731 4147 hoc
763 4089 937 4171 tamquam
970 4067 1181 4144 corollarium
1213 4064 1273 4136 de·

231 4263 267 4325 (a)
284 4265 322 4313 De
333 4265 414 4313 matr.
425 4275 479 4325 cap.
492 4264 537 4312 Vl.

226 4341 277 4404 (to)
292 4343 352 4394 ttius
361 4342 540 4407 propositiones
552 4357 567 4394 a
577 4343 623 4394 Pio
633 4344 674 4393 tx.
688 4341 788 4393 notatas
799 4340 914 4403 superius
926 4336 1049 4418 dedimus.
