2872 5062
279 394 347 445 cnr.
365 396 412 444 ιιι.
431 393 469 446 ιιι
489 397 620 447 urrann
643 396 754 446 civius
773 397 863 447 nsua.
884 399 955 447 ιιι.
974 399 1017 447 ιι.
1132 377 1198 448 325

92 512 178 586 adeo
204 513 380 602 insectari,
401 515 483 613 quia
501 515 672 588 canonicis
698 515 828 613 legibus
851 515 1100 614 obtemperant,
1121 520 1201 590 vim-

93 655 159 728 que
184 630 412 702 conscientiae
439 631 579 717 inferre,
610 630 653 702 ab
676 630 787 704 officio
813 632 977 717 retinere,
1009 632 1076 703 imo
1101 634 1201 705 etiam

93 768 210 840 eogere
236 742 279 815 ad
306 742 341 813 id
367 746 630 842 praestandum,
660 745 750 843 quod
773 746 925 844 iniquum
951 747 986 817 in
1012 772 1050 820 se
1071 763 1142 834 est,
1170 765 1202 820 οι

92 855 136 929 ab
152 857 296 932 ecelesia
312 859 463 932 veritatis
481 861 642 957 magistra
663 861 833 959 respuitur
850 887 889 933 ac
906 861 1123 959 reprobatur?
1136 865 1202 934 lta-

91 999 158 1071 que
170 971 242 1059 lex,
267 999 354 1071 quae
370 974 434 1046 sub
447 973 582 1048 obtentu
603 975 767 1048 libertatis
789 976 905 1050 civiles
926 977 1033 1049 sancit
1050 978 1198 1075 nuptias,

91 1114 218 1188 easque
240 1104 357 1162 contra
377 1089 541 1164 ecclesiae
558 1092 634 1164 iura
652 1106 761 1164 tuetur
780 1117 819 1164 ao
838 1091 1002 1178 vindicat,
1025 1094 1202 1191 tyrannica

89 1202 234 1277 dicenda
258 1220 310 1277 est
335 1221 490 1303 respectu
510 1207 673 1279 ecclesiae
695 1207 836 1305 eiusque
861 1208 1100 1280 ministrorum.
1132 1267 1135 1270 .

161 1318 281 1391 Verum
308 1344 374 1392 non
401 1320 513 1394 minus
537 1322 713 1420 tyrannica
730 1337 781 1394 est
798 1320 914 1394 eadem
931 1320 985 1393 lex
1009 1327 1088 1417 erga
1113 1346 1200 1395 con-

90 1433 301 1530 iuges'civ'ili
325 1448 454 1507 tantum
480 1434 612 1509 loedere
637 1437 783 1523 iunctos3
807 1437 897 1536 quod
921 1436 1019 1510 nobis
1036 1436 1134 1509 facile
1151 1452 1202 1509 est

90 1547 279 1622 ostendere.
295 1549 483 1649 'Siquidem
509 1550 582 1623 fieri
608 1568 740 1651 potest,
769 1577 811 1624 ac
834 1577 934 1651 saepe
953 1552 1054 1623 etiam
1082 1551 1137 1637 fit,
1165 1567 1203 1624 ut

93 1664 253 1737 alteruter
276 1665 442 1739 eiusmodi
468 1667 648 1764 coniugum
664 1667 708 1740 ab
725 1668 848 1740 insano
867 1667 926 1738 illo
946 1667 1050 1765 priori
1072 1687 1197 1753 amore,

93 1805 161 1878 quo
182 1779 358 1854 tenebatur
376 1806 416 1853 ac
442 1781 636 1854 movebatur
653 1781 695 1853 ad
712 1781 830 1854 civiles
855 1780 991 1879 nuptias
1018 1780 1197 1866 ineundas,

91 1919 130 1967 se
155 1896 318 1994 recipiat,
342 1921 484 1995 seseque
506 1923 526 1968 a
546 1896 737 1971 fornicariis
754 1896 823 1968 illis
841 1895 999 1982 nexibus,
1027 1895 1202 1968 conscien-

91 2009 160 2082 tiae
195 2008 314 2084 latratu
348 2026 550 2097 commotuS,
585 2010 712 2084 solvere
742 2011 833 2084 velit.
864 2009 935 2083 Hoc
964 2011 999 2080 in
1029 2036 1132 2098 casu,
1170 2011 1200 2083 si

90 2125 176 2212 alter
193 2125 293 2214 nolit,
316 2152 356 2200 ac
377 2143 508 2200 recuset
523 2127 623 2199 etiam
641 2151 752 2198 coram
771 2124 913 2198 eeclesia
938 2149 1096 2197 renovare
1122 2150 1201 2197 con-

91 2265 250 2328 sensum,
275 2257 312 2315 ut
336 2241 529 2338 coniugium
561 2241 746 2338 legitimum
780 2240 857 2326 liat,
885 2239 996 2312 civilis
1025 2239 1202 2335 magistra·

91 2369 146 2428 tus
164 2356 349 2430 sententiae
366 2357 446 2430 huic
463 2356 566 2443 lavet,
587 2356 740 2454 adeoque
752 2380 850 2455 pars,
870 2381 958 2453 quae
976 2379 1013 2427 se
1033 2351 1201 2428 retrahere

87 2469 189 2544 vellet
220 2488 338 2545 contra
362 2472 603 2546 conscientiam
633 2497 749 2555 suam,
777 2471 811 2543 vi
836 2485 1032 2566 cogeretur,
1059 2485 1097 2541 ut
1121 2495 1201 2542 oon-

91 2599 232 2657 tractum
244 2585 379 2658 civilem
393 2602 555 2674 servaret,
572 2586 608 2657 in
622 2611 728 2684 eoque
741 2599 960 2684 permaneret.
974 2584 1202 2683 Quapropter,

90 2697 292 2774 reclamante
316 2701 523 2774 conscientia
538 2739 546 2788 ,
559 2749 562 2754 -
575 2716 643 2775 toto
662 2701 761 2774 'vitae
789 2716 938 2799 tempore
962 2699 1005 2772 ad
1031 2699 1108 2772 illos
1139 2725 1199 2800 per

91 2812 199 2911 legem
216 2815 409 2912 adigeretur
425 2832 537 2904 actus,
554 2843 640 2916 quos
661 2832 832 2915 tamquam
850 2816 988 2889 totidem
1005 2815 1107 2888 habet
1123 2840 1201 2914 peo-

90 2943 187 3017 cata,
213 2947 312 3032 prout
336 2957 452 3005 revera
480 2948 583 3019 sunt,
611 2958 719 3031 eaque
742 2932 956 3029 gravissima.
986 2929 1076 3014 Quid
1101 2955 1200 3028 porro

91 3044 202 3141 magis
222 3046 434 3146 tyrannicum
456 3047 586 3119 censeri
605 3061 733 3145 potest,
749 3071 852 3143 quam
870 3045 989 3142 poenis
1006 3043 1199 3142 quempiam

91 3159 135 3233 ad
156 3176 331 3258 peccatum
358 3161 493 3258 adigere
510 3177 543 3233 et
559 3161 775 3259 compellere,
795 3176 829 3232 et
846 3161 913 3245 ita,
933 3174 971 3231 ut
989 3174 1133 3256 nequeat
1158 3157 1201 3229 ab

92 3273 210 3346 eodem
232 3272 399 3348 liberari?
424 3274 526 3373 Atqui
552 3274 630 3346 talis
656 3290 708 3347 est
731 3272 804 3360 lex,
833 3298 921 3371 qnae
947 3271 1099 3368 indulget
1121 3297 1200 3344 con-

93 3388 187 3486 iugia
211 3414 302 3462 mere
322 3389 456 3476 civilia,
482 3405 660 3488 postquam
676 3388 768 3462 enim
785 3387 870 3460 haee
887 3386 930 3460 ad
947 3387 1033 3484 legis
1049 3412 1201 3460 normam

92 3501 260 3576 celebrata
284 3503 407 3576 luerint
424 3561 432 3590 ,
451 3503 635 3602 'politicum
662 3502 811 3598 regimen
832 3526 873 3573 ea
893 3501 978 3573 tueri
996 3499 1097 3574 debet
1113 3518 1199 3575 tam-

90 3642 195 3718 quam
224 3643 303 3692 vera
327 3644 367 3692 ac
393 3619 543 3716 legitima
568 3617 761 3704 connubia,
789 3643 851 3690 nec
876 3615 1068 3715 permittere
1092 3631 1202 3722 potest

88 3731 283 3807 alterutrius
304 3734 569 3833 separationem,
601 3733 630 3806 si
658 3733 741 3806 alter
765 3733 888 3807 coniux
913 3744 1049 3818 renuat,
1070 3756 1131 3803 neo
1148 3731 1201 3801 di-

91 3848 237 3923 vortium
262 3849 373 3922 lacere
401 3849 493 3923 velit.

129 3982 132 3989 ’
165 3965 334 4064 Equidem
360 3964 459 4051 novi,
488 3966 681 4065 quempiam
706 3992 746 4037 ex
772 3963 874 4037 huius
899 3963 984 4060 legis
1014 3959 1200 4034 fautoribus

90 4080 288 4154 insinuasse
312 4079 510 4167 articulum,
531 4107 632 4181 quem
647 4095 768 4182 vocant
785 4078 995 4164 addititiam,
1017 4074 1126 4149 eidem
1140 4100 1202 4172 ap-

89 4195 172 4294 poni
195 4221 321 4296 posse,
350 4193 442 4295 quod
468 4193 532 4268 hac
557 4196 592 4267 in
618 4195 775 4295 hypotesi
793 4194 893 4267 liceat
908 4190 1079 4266 vinculum
1101 4215 1199 4263 suum

89 4308 292 4409 abrumpere
313 4309 368 4399 ei,
396 4309 454 4409 qui
481 4308 581 4383 vellet
601 4310 711 4382 ritum>
724 4305 917 4404 religiosum
943 4304 1126 4403 superaddi
1149 4329 1184 4376 re
