2872 5062
355 363 424 414 cer.
441 362 489 412 111.
506 363 548 412 ox
563 362 696 415 usrmu.
714 363 827 414 uvius
844 360 935 414 uret.
952 364 1023 414 sur.
1036 364 1072 415 rr.
1201 345 1268 416 3οὺ

162 499 165 503 “
233 485 267 552 3.
297 478 357 555 Ast
380 493 447 553 uon
473 479 582 555 solum
604 480 639 551 in
665 479 812 554 solidum
838 506 913 554 reos
931 507 968 554 se
986 481 1133 555 reddunt
1157 493 1273 560 omues

156 598 233 671 eius
248 597 332 695 legis
346 596 453 696 aperti
467 612 674 695 promotores
693 597 909 698 fautoresque
920 598 965 671 ob
983 599 1179 673 huiusmodi
1197 627 1272 698 gra-

157 713 333 789 vissimam
367 712 694 810 transgressionem,
731 739 847 786 verum
881 715 982 787 etium
1007 714 1051 788 ob
1076 714 1190 788 omnia
1214 714 1272 788 illa

160 829 320 915 crimine,
342 813 479 928 quaein
493 844 583 902 statu
596 827 780 901 habitualis
798 829 1040 902 concubinatus
1054 856 1074 902 a
1087 830 1175 904 fictis
1192 857 1274 905 cone
1348 915 1351 919 ,

161 945 298 1043 iugibus
322 960 570 1045 perpetrantur,
599 945 877 1046 quotiescumque
901 946 992 1020 civili
1009 945 1084 1043 lege
1101 947 1176 1019 freti
1201 953 1273 1044 rna*

163 1061 319 1135 trimonio
341 1076 492 1133 utuntur.
518 1062 602 1133 Nam
627 1078 765 1160 peccata
789 1061 874 1134 baec
903 1065 1015 1135 omnia
1041 1062 1166 1135 exitiali
1193 1062 1274 1137 huic

159 1177 227 1276 legi
243 1230 264 1264 ,-
280 1189 320 1251 a'o
345 1176 486 1277 proinde
519 1177 712 1251 auctoribus
738 1193 771 1251 et
798 1178 984 1252 fautoribus
1010 1179 1095 1277 legis
1120 1178 1272 1252 eiusdem

158 1292 308 1370 adscribi
325 1293 426 1366 etiam
443 1292 725 1392 debentneque
749 1309 860 1366 autem
880 1295 965 1367 haec
985 1294 1199 1367 dinumerare
1214 1321 1273 1368 aa·

160 1408 249 1484 leat?
267 1410 383 1510 Neque
401 1408 434 1479 id
453 1408 509 1492 his
527 1408 722 1483 hominibus
752 1411 906 1507 ignorare
930 1412 982 1484 las
1008 1426 1078 1498 est;
1105 1410 1273 1510 siquidem

160 1523 222 1623 qui
248 1524 374 1625 optime
402 1540 526 1596 norunt
556 1524 765 1622 coniugalem
799 1541 1004 1600 contractum
1029 1553 1120 1599 mere
1144 1525 1274 1600 civilem

161 1639 197 1711 iu
224 1638 452 1738 conscientiae
472 1638 543 1713 loro
563 1638 699 1712 nullius
712 1641 848 1738 penitus
865 1667 943 1714 esse
959 1641 1099 1728 valoris,
1121 1642 1274 1742 adeoque

161 1754 309 1828 scientes
340 1754 558 1853 volentesque
583 1753 639 1828 bis
663 1755 820 1829 omnibus
854 1756 1000 1856 maeatis
1030 1783 1107 1831 sese
1135 1773 1276 1832 onerant

161 1897 276 1945 coram
300 1871 398 1957 Deo,
425 1870 568 1969 qui-eos
594 1870 630 1942 in
656 1871 817 1945 iudicium
841 1873 986 1947 vocabit.
1081 1932 1083 1937 .
1138 1904 1139 1908 ¹
1248 1856 1251 1862 ¹

237 1988 271 2058 l.
298 1986 453 2087 Denique
470 2013 546 2061 reos
564 2013 640 2061 esse
658 2003 822 2087 quotquot
839 1987 925 2063 alios
943 1988 1089 2065 evidenti
1112 1988 1276 2061 obiiciunt

161 2101 314 2202 periculo
337 2101 531 2176 incurrendi
557 2118 727 2176 aetornum
753 2103 909 2191 exitium,
930 2104 986 2177 vix
1005 2103 1202 2201 probatione
1228 2104 1277 2174 in·

164 2217 268 2315 diget.
297 2218 387 2290 Satis
413 2234 465 2292 est
489 2219 579 2292 euim
611 2218 712 2291 fidem
746 2244 878 2292 omnem
904 2245 970 2291 non
996 2219 1146 2291 eierasse
1175 2233 1276 2317 atque

155 2332 353 2421 abiecisse,
381 2349 418 2406 ut
442 2361 502 2434 per
527 2361 564 2406 se
590 2334 736 2434 quisque
760 2335 943 2433 intelligat,
971 2361 1067 2421 eum,
1086 2335 1146 2433 qui
1165 2333 1277 2432 proxi-

155 2475 258 2528 mum
285 2475 385 2525 suum
406 2450 553 2525 evidenti
571 2450 723 2549 periculo
739 2451 850 2524 sciens
867 2451 1051 2551 volensque
1068 2449 1209 2550 exponit
1221 2475 1277 2522 ae-

163 2581 280 2638 ternae
304 2565 555 2653 damnationis,
585 2567 785 2664 gravissimo
811 2567 936 2641 scelere
962 2594 1037 2640 sese
1062 2565 1224 2666 polluere.

235 2683 307 2761 Hoc
331 2709 410 2755 vero
436 2684 621 2782 periculum
648 2685 778 2758 evidens
795 2684 959 2772 diximus,
980 2684 1084 2783 idque
1101 2680 1276 2782 multiplici

164 2800 343 2899 cacapite.
366 2801 450 2873 Nam
472 2802 507 2872 in
525 2817 618 2878 tanta
636 2801 761 2875 civium
779 2800 995 2874 multitudine
1013 2800 1126 2898 plures
1146 2824 1278 2896 semper

163 2915 295 2991 suntin
314 2941 413 2989 omne
431 2917 556 2989 malurn
579 2917 762 3016 proclives,
783 2917 960 3016 omnisque
979 2942 1119 3015 prorsus
1136 2914 1276 3013 pudoris

164 3045 335 3129 expertae,
367 3033 426 3132 qui
452 3031 624 3130 religionis
651 3033 847 3132 proculcant
871 3035 1065 3133 praecepta,
1086 3032 1134 3103 uti
1157 3029 1277 3129 quouis

162 3163 363 3247 temporeet
379 3148 506 3249 ubique
530 3149 679 3223 locorum
705 3151 811 3223 tristis
837 3148 1041 3249 experientia
1058 3172 1120 3218 nos
1145 3145 1272 3218 edocet.

161 3264 292 3339 florum
320 3292 480 3338 numerus
505 3268 627 3339 mirum
646 3267 682 3338 in
699 3265 1001 3352 modumcresoit,
1022 3289 1125 3363 quum
1143 3261 1278 3362 publica

161 3379 354 3479 praevalet,
375 3381 636 3481 dominaturque
661 3382 777 3481 opinio
804 3380 847 3453 de
872 3378 1152 3453 indifferentismo
1177 3393 1278 3476 atque

161 3495 395 3570 incredulitate
415 3498 451 3569 in
474 3498 646 3596 religionis
672 3498 805 3595 negotio
831 3513 1003 3596 tamquam
1019 3493 1206 3568 desaeculi
1230 3493 1279 3565 ci-

161 3599 310 3711 vilisque
344 3613 454 3687 cultus
489 3641 700 3713 progressu3
734 3641 839 3714 quum
869 3615 921 3702 ii,
950 3614 1009 3713 qui
1040 3611 1196 3712 publicae
1229 3609 1277 3681 rei

134 3727 296 3802 ‚clavum
323 3744 467 3802 tractant
483 3729 570 3804 lacto
592 3731 666 3830 ipso
691 3756 765 3802 eam
791 3730 984 3830 opinionem
1010 3727 1208 3802 confirmant
1224 3749 1279 3796 so-

162 3841 357 3942 lidautque,
379 3870 484 3944 seque
505 3845 646 3920 hostiles
672 3845 824 3942 religioni
856 3845 967 3918 modis
998 3843 1168 3917 omnibus⁴
1183 3865 1280 3939 prae-

162 3957 264 4044 beut;
280 3955 386 4058 quum
399 3961 585 4048 emissarii,
603 3989 688 4061 quos
700 3977 833 4048 vocant,
850 3977 1018 4034 sectarum
1031 3984 1150 4031 nervos
1162 3980 1279 4028 omnes

163 4073 373 4148 christianae
391 4075 471 4149 fidei
485 4076 521 4148 in
534 4078 670 4177 populis
688 4077 883 4176 praecidere
900 4076 1115 4150 connituntur
1128 4069 1280 4142 iniicion-

165 4203 216 4263 tes
240 4206 459 4291 serentesque
484 4192 671 4292 principia,
692 4218 779 4293 quae
796 4216 935 4264 sensum
954 4188 1145 4284 religiosum
1171 4199 1279 4257 exter-

165 4305 317 4399 minant,
335 4323 399 4381 aut
414 4309 612 4405 extinguunt
624 4365 641 4397 ,i
660 4325 759 4407 prout
784 4323 892 4383 aetate
917 4307 981 4379 hac
998 4318 1120 4377 vnostra
1137 4302 1209 4374 lieri
1227 4300 1280 4374 lu-
