2872 5062
159 312 225 381 tlt
341 333 402 382 nra.
424 329 447 380 ι.
472 329 578 380 sncrro
595 329 724 379 turam.
747 327 786 377 nn
804 327 936 379 curma.
957 327 1062 379 crvmr.

229 450 325 538 Quod
350 473 430 523 vero
454 447 570 521 subdit
586 462 697 521 orator
713 446 755 520 de
771 445 916 520 ecclesia
936 471 1055 543 graeca
1075 445 1256 535 catholica,

155 593 243 667 quae
271 565 417 665 perrexit
441 562 647 660 distinguere
673 562 707 633 in
733 561 905 639 sacerdote
928 561 1124 649 hominem,
1153 561 1266 636 civem

155 706 195 755 ac
220 682 394 767 maritum,
414 703 481 752 non
499 676 609 751 estad
628 702 696 750 rem
714 733 722 764 ,
750 701 791 749 ac
814 676 913 750 unica
939 676 1081 750 fortasse
1107 675 1264 775 protulit,

157 813 193 871 ut
210 796 420 898 peregrinam
437 793 658 868 eruditionem
675 818 772 865 suam
797 791 896 865 nobis
921 791 1033 891 palam
1057 791 1263 866 ostenderet.

227 915 332 1009 Leges
343 908 506 984 ecclesiae
516 906 752 1008 disciplinares
767 906 860 980 iuxta
870 906 1099 981 adversarium
1113 905 1161 979 nil
1169 907 1266 981 aliud

156 1043 253 1115 sunt,
275 1052 374 1126 quam
393 1026 499 1099 loetus
516 1022 683 1095 humanae
701 1021 862 1110 rationis,
882 1048 970 1122 quae
987 1047 1049 1121 pro
1066 1019 1159 1109 loco,
1179 1037 1270 1096 tem-

157 1170 236 1244 pore
261 1141 407 1241 aliisque
432 1166 542 1213 rerum
567 1138 738 1244 adiunctis
759 1139 989 1237 proferuntur,
1017 1163 1173 1238 quaeque
1198 1164 1268 1212 non

156 1259 307 1355 obligant
330 1257 545 1353 magistratus
570 1254 707 1341 civiles,
736 1254 803 1328 nisi
829 1280 906 1328 cum
924 1254 982 1328 isti
1000 1279 1061 1327 eas
1077 1270 1266 1353 acceptent,

156 1399 196 1447 ac
221 1372 328 1447 donec
351 1399 409 1446 eas
436 1397 502 1444 non
528 1384 693 1444 revocent.
714 1369 777 1443 Ast
794 1369 961 1443 sciscitari
980 1368 1024 1442 ab
1040 1366 1172 1443 oratore
1189 1395 1273 1470 pos·

158 1514 276 1562 sumus
293 1516 300 1558 :
330 1514 409 1559 num
434 1486 526 1583 leges
550 1485 668 1559 civiles
686 1511 753 1559 non
771 1484 841 1558 sint
857 1484 1027 1558 humanae
1043 1485 1185 1558 rationis
1204 1486 1274 1561 loe·

159 1621 214 1677 tus
233 1627 297 1702 pro
313 1601 404 1689 loco,
425 1617 592 1699 tempore,
613 1599 758 1699 aliisque
785 1625 895 1673 rerum
919 1599 1088 1674 adiunctis
1105 1599 1270 1700 prolatae.

157 1720 260 1815 Leges
288 1716 427 1817 proinde
449 1716 534 1789 istae
552 1741 619 1789 uon
636 1706 834 1813 obligabunt
849 1715 1001 1790 civitates
1014 1740 1054 1788 ac
1066 1711 1267 1816 municipia,

158 1832 225 1905 nisi
243 1857 319 1904 cum
337 1857 394 1903 eas
413 1824 667 1930 acceptaverint,
684 1845 742 1901 aut
754 1828 861 1903 donec
873 1855 931 1903 eas
945 1857 1012 1904 non
1025 1830 1268 1905 revocaverint.

159 1948 279 2021 Nescio
303 1962 414 2020 utrum
441 1945 654 2019 adversarius
677 1945 766 2019 hanc
790 1945 953 2019 theoriam
980 1947 1027 2020 sit
1050 1946 1269 2046 probaturus.

159 2064 274 2162 ltaque
299 2087 364 2135 non
383 2062 418 2132 in
435 2088 477 2134 so
492 2076 645 2134 versatur
669 2061 822 2160 quaestio
843 2087 887 2133 an
909 2060 1001 2158 leges
1018 2061 1090 2136 sive
1106 2063 1270 2138 ecclesia-

159 2170 263 2250 sticae
281 2177 352 2251 sive
369 2175 486 2250 civiles
509 2175 578 2249 sint
596 2175 711 2249 loetus¹
725 2175 894 2249 humanae
911 2176 1064 2264 rationis,
1080 2176 1141 2250 sed
1154 2192 1270 2251 utrum

159 2292 249 2365 adsit
263 2317 324 2364 neo
337 2318 380 2364 ne
393 2291 573 2364 auctoritas
586 2315 646 2362 eas
658 2289 878 2378 conficiendi,
895 2305 929 2364 et
941 2291 1119 2366 inleriores
1132 2307 1272 2366 tenean-

159 2428 213 2478 tur
229 2405 404 2504 potestatis
421 2404 604 2504 superioris
624 2404 756 2501 legibus
772 2405 925 2505 obsequi.
944 2407 1071 2506 Ecquis
1088 2433 1190 2506 porro
1206 2409 1273 2482 du-

161 2520 317 2593 bitaverit
342 2518 582 2593 catholicorum
608 2519 787 2593 ecclesiam
808 2519 980 2594 aChristo
997 2537 1194 2621 potestatem
1215 2549 1273 2597 ac-

161 2634 294 2732 cepisse
318 2635 410 2732 leges
440 2634 592 2722 ferendi,
621 2661 708 2734 quae
732 2635 881 2732 obligent
910 2661 1028 2710 omnes
1053 2637 1172 2711 fideles
1198 2637 1272 2712 sive

161 2749 392 2836 distributive,
414 2750 485 2824 sive
501 2750 673 2824 collective
693 2768 865 2851 sumptos,
894 2753 1083 2827 cuiusmodi
1103 2772 1184 2828 sunt
1199 2781 1273 2828 ma-

161 2865 321 2962 gistratus
346 2864 465 2939 civiles
490 2864 615 2961 (1⁰5st
636 2867 723 2938 Sane
746 2867 895 2940 doctrina
912 2884 945 2941 et
963 2870 1076 2969 praxis
1097 2870 1189 2944 orbis
1214 2897 1272 2944 ca-

165 2979 280 3053 tholici
299 2979 468 3079 usquead
487 2979 669 3053 infaustum
683 2983 946 3080 protestantismi
965 3000 1098 3083 tempus
1112 2985 1272 3060 constans

162 3095 225 3169 luit
245 3095 482 3197 disciplinares
506 3094 667 3169 ecclesiae
689 3096 800 3194 leges,
830 3099 1028 3196 praesertim
1052 3125 1141 3199 quae
1159 3101 1202 3173 ad
1220 3127 1272 3174 sa·

163 3227 407 3284 crementorum
442 3211 765 3285 administrationem
800 3214 990 3311 pertinent,
1019 3215 1208 3289 exosculari
1233 3241 1273 3289 ac

163 3342 351 3400 reverenter
375 3352 414 3399 se
440 3327 508 3400 illis
533 3327 711 3401 subiicere.
735 3327 857 3402 Adhuc
880 3356 984 3430 penes
1009 3357 1126 3405 omnes
1153 3331 1272 3406 civiles

164 3441 380 3536 magistratus
401 3469 478 3515 vere
498 3443 681 3517 catholicos
699 3443 844 3532 obtinet,
865 3460 902 3518 ut
926 3445 1092 3520 eiusmodi
1118 3446 1273 3547 discipli-

164 3581 264 3629 nares
289 3557 478 3631 sanctiones
503 3585 543 3632 ea
568 3586 636 3658 qua
658 3586 719 3658 par
742 3576 794 3634 est
818 3562 1033 3635 veneratione
1056 3581 1244 3637 serventur.

236 3671 326 3745 Licet
343 3671 457 3745 adsint
480 3674 662 3748 nonnullae
682 3674 918 3775 disciplinares
939 3676 1051 3773 leges,
1074 3705 1164 3778 quae
1182 3680 1273 3754 circa

165 3785 294 3858 obiecta
307 3811 367 3885 per
380 3811 417 3858 se
430 3786 615 3886 adiaphora
635 3803 828 3884 versantur,
853 3817 1005 3890 quaeque
1018 3818 1078 3892 pro
1094 3794 1200 3868 variis
1221 3821 1273 3869 re-

165 3926 252 3986 rum,
269 3899 416 3973 locorum
434 3917 687 4003 temporumque
700 3904 868 3977 adiunctis
882 3931 903 3977 a
916 3904 1063 4003 legitima
1076 3910 1272 3983 auctoritate

165 4022 342 4118 temperari
357 4023 499 4120 possint,
511 4049 693 4122 earumque
705 4049 726 4096 a
739 4024 915 4121 guberniis
934 4024 1092 4099 civilibus
1112 4024 1272 4099 relaxatio

236 4207 301 4270 (tot)
315 4208 353 4258 ot.
370 4221 434 4271 quae
449 4208 591 4271 scripsimus
606 4209 631 4258 in
651 4209 780 4263 ,Praelcct
794 4211 904 4275 theoton.
926 4214 1005 4263 truct.
1023 4213 1061 4261 Dc
1078 4211 1143 4262 tocts
1161 4211 1269 4274 theolog.

165 4287 228 4346 part.
240 4289 260 4337 1.
271 4300 324 4350 cap.
337 4290 378 4340 lv.
391 4290 437 4339 art.
449 4291 492 4339 111.
504 4301 602 4354 propos.
613 4289 694 4341 unica.
1159 4307 1161 4312 ’
