2872 5062
308 373 376 424 car.
394 374 416 422 1.
433 374 472 424 ne
491 374 622 423 ιιιιιιιιι.
639 373 751 422 ciuus
770 371 903 422 narum.
926 374 996 422 aar.
1013 373 1061 423 ιιι.
1165 351 1231 422 231

124 493 211 566 miae
232 491 425 576 honestate,
449 515 590 589 eamque
608 489 673 562 sibi
692 490 892 563 adsciscere.v
913 491 1000 563 Sane
1023 490 1238 590 induco-phi-

124 604 465 706 losophusSalvador
481 605 651 707 contendit
673 605 896 705 polygamiam
914 605 1148 679 simultaneam
1166 633 1237 680 mo·-

125 749 197 796 rum
223 721 403 819 integritati
431 720 605 794 consulere
630 746 772 820 eamque
799 736 992 820 promovere
1021 723 1108 816 (38).
1138 720 1235 808 Quod
1292 808 1295 815 .

121 853 156 910 'et
173 835 231 909 alii
248 836 497 935 praestiterunt,
527 861 611 935 quos
639 852 700 908 suo
725 833 797 908 loco
825 834 1086 915 recensebimus.

195 952 267 1023 Non
292 976 368 1024 esse
389 966 499 1023 autem
525 949 686 1024 absonam
705 949 793 1022 hanc
811 949 976 1023 sentiendi
994 966 1027 1022 et
1043 948 1164 1045 agendi
1179 974 1236 1021 ra-

122 1065 262 1151 tionem,
280 1092 367 1164 quae
389 1080 478 1138 nuno
499 1065 599 1162 longe
619 1061 752 1162 lateque
771 1065 980 1152 dominatur,
1002 1079 1091 1163 patet
1107 1080 1177 1137 tum
1194 1087 1234 1136 ex

120 1180 176 1267 iis,
198 1207 286 1281 quae
302 1180 447 1254 Eiohorn
472 1179 665 1265 constituit,
687 1179 778 1279 quod
801 1179 930 1253 scilieet
947 1179 1101 1254 Christus
1121 1179 1168 1252 ita
1185 1196 1235 1252 at-

121 1297 354 1395 temperaverit
379 1296 631 1394 responsionem
654 1321 748 1367 suam
770 1295 813 1368 de
833 1321 936 1368 uxore
961 1296 1178 1383 dimittenda,
1198 1312 1236 1369 ut

121 1410 286 1484 indicaret
296 1409 402 1507 legem
415 1409 546 1483 civilem
560 1411 771 1507 attemperari
789 1425 891 1509 posse
908 1410 1096 1507 exigentiae
1112 1410 1233 1485 actuali

120 1525 310 1613 societatis,
335 1541 404 1597 tum
422 1552 462 1598 cx
480 1551 518 1598 eo
540 1524 630 1623 quod
656 1526 763 1624 Nuytz
779 1583 787 1610 ,
804 1525 890 1598 licet
916 1524 1114 1611 catholicus,
1142 1525 1234 1598 allin-

120 1666 213 1712 mnre
234 1666 301 1713 non
330 1638 494 1713 dubitavit
518 1656 688 1738 receptum
711 1666 812 1727 esse,
839 1639 1017 1717 ecclesiam
1036 1639 1235 1720 catholicam

117 1756 342 1830 eonscientiae
367 1757 598 1830 tuntummodo
616 1757 792 1857 imperare,
814 1741 991 1832 statuendo
1013 1755 1145 1855 regulas
1167 1758 1230 1844 iis,

117 1872 177 1971 qui
197 1897 256 1945 eas
276 1897 405 1944 nemore
429 1873 548 1955 velint,
578 1872 638 1944 sed
664 1883 782 1970 cogere
808 1889 984 1946 renuentes
1002 1872 1141 1944 minime
1158 1891 1234 1970 pos·

117 2012 155 2058 se
169 1987 270 2080 (39),
283 1984 393 2072 Quum
412 1985 554 2083 proinde
571 2001 678 2059 status
696 1985 804 2059 civilis
819 1986 910 2059 iuxta
926 1986 1129 2074 doctrinam,
1145 1976 1233 2084 quae
1286 2037 1289 2043 -

116 2127 206 2174 nunc
235 2101 365 2200 passim
389 2100 540 2187 obtinet,
572 2100 673 2200 plane
698 2101 829 2175 divisus
854 2101 898 2173 sit
922 2101 965 2175 ab
990 2101 1154 2187 ecclesia,
1183 2101 1231 2174 nti

118 2242 185 2289 non
210 2216 310 2315 pauci
335 2216 533 2314 loquuntur,
558 2242 634 2289 cum
657 2216 723 2288 sibi
745 2242 946 2314 persuasum
971 2216 1096 2288 habeat·
1119 2216 1234 2289 matri-

117 2331 268 2406 monium
298 2357 404 2404 unum
430 2357 507 2405 esse
531 2357 571 2403 es
598 2346 646 2404 tot
669 2331 894 2404 contractibus
924 2331 982 2428 qui
1013 2357 1044 2412 a·
1062 2329 1233 2429 republica

116 2447 216 2520 unice
246 2446 412 2546 pendent,
445 2462 546 2545 atque
575 2445 618 2518 ab
647 2472 688 2519 ea
717 2445 830 2542 dirigi
846 2445 988 2532 debent,
1013 2446 1048 2518 in
1071 2446 1145 2520 eius
1169 2446 1234 2519 crit

115 2561 253 2635 arbitrio
275 2562 441 2661 quidquid
466 2561 600 2636 libuerit
624 2563 666 2636 de
688 2572 728 2635 co
754 2563 900 2636 sancire.
930 2561 1095 2655 Quocirca
1124 2562 1155 2644 si
1188 2562 1231 2635 ad

114 2678 252 2751 vitanda
274 2678 456 2765 adulteria,
480 2679 597 2752 autad
616 2679 701 2753 alios
720 2677 971 2777 praecavendos
986 2678 1115 2752 abusus
1136 2703 1234 2778 expe·

117 2791 189 2864 dire
209 2794 270 2891 qui
296 2792 501 2892 reipublicae
524 2794 674 2869 habenas
699 2795 837 2895 flectunt
860 2793 1103 2882 iudicaverint,
1136 2794 1231 2900 poly-

191 3116 241 3179 (38)
258 3116 555 3168 autumnitanorum
567 3117 599 3168 dc
608 3119 696 3168 Meloe.
708 3119 777 3168 Paris
788 3125 855 3168 1828.
865 3118 926 3168 tom.
936 3117 1023 3167 ll.livr
1037 3118 1091 3166 Vll.
1102 3117 1171 3167 ent.
1182 3120 1231 3169 Po.

114 3195 228 3258 loquente
240 3199 267 3246 et
277 3195 390 3248 dtooree.
403 3199 525 3260 lntegrnm
539 3199 586 3248 hoc
597 3199 671 3262 eaput
681 3211 731 3247 non
742 3197 853 3248 continet
861 3197 908 3246 nlsi
920 3195 1058 3260 apologiam
1066 3197 1227 3260 polygamiae.

116 3277 183 3325 teter
198 3278 280 3327 cetera
292 3277 353 3328 lineo
363 3277 449 3329 scribit
457 3291 512 3341 pag.
524 3276 884 3341 ³77.«Fant·thoe1'uomma
899 3276 980 3327 arrivs
989 3276 1005 3326 a
1015 3276 1119 3340 l’ugede
1127 3275 1230 3340 poberto

114 3355 206 3418 epouse
217 3368 266 3406 nne
275 3355 364 3407 lemme
373 3357 388 3407 t
397 3359 436 3407 cet
445 3358 503 3420 nge?
512 3358 539 3407 si
549 3358 630 3407 laisait
639 3358 706 3419 celo,
716 3357 865 3407 n'nursiton
877 3370 921 3421 pse
931 3357 945 3406 t
955 3355 1069 3406 crnlndre
1079 3356 1197 3419 qu'svant
1206 3356 1231 3408 le

114 3436 191 3483 terme
208 3431 241 3484 de
256 3446 301 3484 son
319 3434 442 3485 existence
457 3448 519 3499 pour
534 3435 648 3500 laspece,
665 3435 802 3499 l’eqollibre
818 3448 849 3490 ne
864 3449 891 3486 se
906 3434 1008 3500 romplt,
1021 3433 1053 3484 de
1068 3435 1152 3497 sorte,
1168 3434 1229 3498 qn'll

110 3510 243 3574 epronrtt,
257 3525 363 3576 presque
375 3513 467 3577 nralgre
482 3514 534 3576 lai,
548 3515 591 3565 dee
605 3513 683 3564 desire
699 3503 743 3577 qni¹
758 3514 781 3565 le
797 3514 945 3577 porternient
954 3526 1011 3565 vers
1020 3512 1231 3577 umtresotjetst

112 3589 139 3638 Sl
155 3589 207 3640 l'on
222 3590 305 3641 mmet
317 3592 386 3642 entre
399 3591 496 3656 l'epoux
512 3594 537 3643 et
551 3592 658 3656 l'epouse
673 3605 721 3642 unc
736 3592 850 3656 ineqslite
865 3591 947 3656 d’sge,
964 3592 1007 3656 qui
1023 3592 1076 3647 leur
1090 3605 1168 3643 onvre
1182 3604 1231 3642 une

111 3668 180 3731 agan
188 3668 418 3730 onniere,sern·t·il
429 3669 547 3734 possible,
559 3683 607 3733 que
617 3669 703 3735 depuis
715 3670 807 3724 l'henre
817 3669 849 3722 de
858 3671 882 3721 la
892 3671 993 3735 poberto
1002 3660 1123 3735 complete
1130 3671 1229 3733 iosqn’t

111 3747 172 3798 ealle
182 3747 218 3798 dn
228 3748 344 3812 maringe,
354 3747 372 3798 il
383 3761 411 3798 se
421 3751 542 3800 sonmetts
553 3749 569 3800 t
580 3763 629 3800 une
639 3750 776 3802 contretnte
785 3751 878 3802 morale
887 3750 1009 3801 absoluat.
1014 3751 1048 3801 ,εἰ
1058 3751 1083 3801 ls
1092 3750 1229 3803 menone

111 3830 148 3878 est
158 3828 316 3893 impossible,
333 3831 456 3894 ponrqnoi
466 3843 497 3882 ns
506 3843 551 3895 pas
559 3830 678 3894 imagism
686 3830 731 3881 des
739 3830 918 3885 mmblnaisons
928 3824 1009 3881 moins
1017 3829 1144 3881 odienssst
1154 3833 1228 3880 Pour-

110 3907 170 3968 qnoi
182 3920 215 3957 ne
224 3921 268 3972 pas
277 3910 404 3973 enrusger
413 3911 449 3961 les
459 3910 545 3961 choses
560 3923 618 3960 sous
633 3923 668 3961 nn
683 3911 753 3976 point
762 3910 794 3960 de
804 3923 852 3961 rue
862 3910 918 3973 plns
931 3911 1005 3972 hant,
1016 3911 1041 3960 et
1051 3922 1083 3959 ne
1094 3922 1138 3973 pes
1147 3911 1227 3978 moes

109 3998 145 4036 nn
159 3987 241 4039 oercle
254 3987 317 4040 dans
325 3989 406 4053 lequel
415 3991 497 4041 touta
506 3990 542 4040 les
550 3989 655 4041 vanem
667 3987 847 4051 individnelles,
856 3989 899 4054 qui
908 3990 965 4040 sont
977 3987 1080 4038 romeos
1090 3999 1135 4050 par
1147 3986 1173 4037 la
1183 4000 1225 4038 ns·

109 4068 174 4132 ture,
183 4067 322 4120 elle-meme
335 4069 481 4134 pnlssentse
492 4069 629 4120 monvoirt
641 4069 725 4122 l'slse?
736 4069 861 4133 Ponrqnol
877 4067 941 4119 enfin
957 4080 988 4119 ne
1003 4080 1047 4131 pas
1062 4065 1173 4116 meantia·
1187 4079 1228 4118 eeu
1291 4059 1294 4067 ’

109 4146 263 4213 oppositione
278 4148 415 4215 cunqusnts
429 4150 498 4200 entre
514 4150 542 4200 to
557 4148 593 4199 lot
603 4149 704 4202 moon
714 4147 774 4200 d’un
784 4162 845 4212 pays
855 4150 880 4200 et
890 4160 922 4200 so
932 4147 968 4198 lot
975 4147 1102 4211 poetttoe,
1115 4144 1158 4209 qul
1168 4158 1226 4197 oon·

109 4224 208 4278 deriserat
222 4227 317 4279 hleatot
330 4242 362 4280 sn
378 4229 469 4293 mepns
480 4228 512 4280 de
519 4229 586 4280 l’nne
594 4242 626 4279 ou
636 4227 668 4279 de
677 4228 776 4292 l’nntrc,
788 4230 812 4280 et
823 4228 929 4297 quelque
939 4227 985 4282 tois
996 4225 1027 4279 de
1038 4226 1118 4276 toules
1130 4224 1227 4284 death

181 4308 233 4371 (ιο)
250 4305 320 4376 tpod
335 4306 489 4373 troqsdmm
499 4308 628 4374 opellae.
640 4306 683 4361 ott.
