2872 5062
208 364 277 415 cnr.
291 362 520 414 sanansque.
538 363 596 412 mo
610 361 690 412 cnon
704 362 743 413 os
757 361 1069 414 siracusanus.
1151 343 1219 416 393

107 483 236 562 licitum
262 496 372 556 estet
396 480 598 555 catholicum
621 478 723 576 (iffi
740 481 774 552 Si
800 505 916 554 verum
940 497 1031 557 esset
1059 486 1224 582 (urgetur.

109 599 248 695 adhuc)
276 597 480 673 catholicum
504 598 614 672 virum
639 597 837 672 contrahere
870 597 1121 673 matrimonium
1155 626 1224 677 nou

109 741 223 816 posse,
245 714 328 814 quin
354 713 411 788 ille
435 730 531 788 actus
550 740 610 812 per
631 713 872 788 sacerdotalem
894 712 1164 788 benedictionem
1179 716 1224 791 ad

108 831 310 905 sacramenti
336 830 477 927 gradum
498 828 680 917 evehatur;
701 829 786 903 haec
801 846 892 904 esset
906 829 1029 904 veritas
1055 830 1092 902 in
1116 831 1225 904 omni-

108 946 174 1020 bus
205 944 290 1019 locis
323 944 503 1032 admissa,
537 971 644 1044 quum
674 944 817 1020 ecclesia
848 945 884 1019 in
915 945 1130 1044 dogmatibus
1155 972 1223 1022 uua

110 1063 155 1136 sit
178 1075 211 1136 et
235 1060 438 1135 universalis
455 1063 543 1157 (73).

180 1177 277 1251 Alius
302 1193 415 1250 orator
438 1175 628 1274 theologica
652 1193 847 1274 argumenta
865 1177 899 1248 in
916 1176 1154 1276 compendium
1171 1202 1224 1250 re·

109 1292 223 1391 degit,
251 1307 289 1366 ut
312 1293 463 1366 animum
488 1293 626 1367 adderet
651 1293 694 1366 iis
719 1291 805 1390 legis
830 1291 1040 1380 fautoribus,
1061 1292 1120 1392 qui
1140 1293 1224 1367 forte

110 1433 152 1481 ex
175 1405 337 1504 religiosa
360 1432 465 1481 causa
489 1407 677 1507 quidquam
709 1410 876 1481 timerent.
900 1437 918 1476 s
940 1408 1011 1480 lam
1043 1432 1105 1505 ego
1138 1406 1225 1506 legis

110 1521 214 1596 huius
238 1520 425 1596 fautoribus
450 1521 581 1595 dicam:
610 1523 708 1621 Agite
732 1522 820 1610 iam,
849 1521 999 1621 nequid
1024 1521 1221 1622 trepidetis,

111 1662 224 1737 oeque
248 1637 478 1736 episcopatum
505 1663 615 1737 neque
639 1663 808 1711 summum
834 1637 1028 1736 pontificem
1053 1637 1222 1712 timeatis:

110 1752 137 1824 -ii
163 1777 263 1851 porro
288 1767 404 1825 contra
428 1753 536 1826 Deum
561 1751 689 1826 bellum
710 1779 778 1826 non
796 1770 907 1848 agent.
928 1752 1006 1849 Legi
1029 1751 1143 1826 favent
1163 1751 1224 1826 do-

110 1883 266 1942 cumenta
294 1865 372 1941 lesu
397 1865 543 1953 Christi,
572 1867 768 1941 traditiones
797 1866 1045 1966 apostolorum,
1073 1866 1226 1941 doctriua

112 2009 160 2057 ss.
181 1997 336 2083 patrum,
357 1999 433 2058 acta
456 1982 694 2070 conciliorum,
715 1981 806 2080 leges
824 1983 1156 2083 consuetudinesque
1176 1983 1226 2058 ci·

113 2098 233 2172 uilium
261 2097 455 2186 nationum,
493 2099 608 2197 praxis
633 2115 734 2198 atque
758 2098 910 2195 doctrina
941 2097 1123 2172 ecclesiae:
1156 2123 1226 2174 unc

111 2214 216 2288 verbo
238 2213 330 2288 Deus
354 2215 431 2314 ipse
455 2214 544 2288 favet
568 2214 646 2311 legi.
669 2215 739 2288 lam
754 2239 833 2288 vero
850 2214 1067 2314 episcopatus
1091 2221 1220 2302 nostem

113 2355 153 2403 ac
171 2355 328 2404 summum
345 2328 493 2428 pontifex
509 2356 587 2404 cum
604 2332 675 2404 Deo
692 2346 808 2404 erunt:
830 2330 941 2404 dicam
960 2329 1062 2428 igitur
1078 2331 1220 2405 iterum:

115 2446 162 2518 Ne
186 2444 356 2532 timeatis,
383 2445 475 2519 Deus
500 2462 552 2519 est
577 2446 754 2521 nobiscum
775 2448 891 2541 (74).»

570 2633 757 2734 Responsio.

185 2793 357 2866 Hactenus
382 2793 520 2892 quidem
546 2794 724 2867 nonsatis
748 2792 946 2890 theologicis
972 2793 1135 2868 doctrinis
1160 2794 1225 2867 ime

112 2907 186 2981 buti
207 2923 378 2995 oratores,
402 2908 462 3007 qui
484 2909 556 2981 suis
576 2908 611 2979 in
629 2906 827 3005 theologicis
844 2908 1140 2982 dissertationibus
1157 2910 1225 2981 mi·

112 3038 272 3096 scuerunt
296 3023 461 3122 quadrata
486 3021 656 3110 rotundis,
677 3038 715 3094 ut
731 3022 956 3123 patefacerent
972 3048 1011 3095 se
1027 3048 1096 3095 non
1113 3022 1223 3120 magis

112 3138 148 3210 in
174 3137 372 3235 theologicis
399 3138 520 3212 studiis
545 3164 623 3212 esse
646 3154 818 3226 versatos,
851 3164 953 3238 quam
980 3137 1016 3209 in
1042 3155 1113 3212 arte
1137 3137 1223 3235 legis

111 3253 324 3328 condendae.
351 3255 448 3340 Quod
474 3271 513 3326 ut
535 3254 679 3342 eluceat,
700 3255 820 3328 iuverit
836 3253 880 3327 ad
898 3280 1030 3327 summa
1055 3253 1224 3352 quaedam

112 3370 245 3469 capita,
268 3368 354 3442 haec
372 3394 460 3468 quae
477 3368 652 3442 retulimus
670 3394 844 3455 revocare,
864 3385 904 3442 ut
920 3368 1044 3442 deinde
1058 3367 1226 3442 iudicium

114 3486 158 3559 de
180 3483 328 3584 singulis
358 3485 520 3559 feramus.
980 3490 983 3495 ’

168 3601 279 3674 'llaec
297 3617 415 3676 autem
442 3618 522 3676 sunt
547 3605 582 3673 1.
598 3601 771 3677 Christum
794 3603 829 3673 in
856 3601 1018 3699 religione
1039 3628 1101 3676 sua
1125 3626 1227 3700 sepa-

112 3741 212 3791 rasse
234 3731 435 3816 potestatem
461 3716 652 3814 religiosam
669 3743 690 3789 a
708 3732 873 3816 potestate
898 3715 1053 3816 politica,
1073 3717 1228 3815 adeoque

113 3831 364 3907 matrimonium
377 3830 570 3930 religiosum
584 3859 605 3906 a
617 3832 829 3906 matrimonio
844 3832 947 3920 civili,
962 3838 1062 3906 secus
1076 3857 1116 3905 ac
1128 3847 1228 3905 antea

114 3947 214 4021 fuerit
231 3973 336 4046 penes
355 3947 514 4047 populos,
538 3948 573 4020 in
596 3948 720 4048 quibus
745 3964 887 4049 utraque
910 3948 1113 4024 miscebatur
1138 3962 1228 4048 pote·

186 4171 238 4234 (ts)
253 4170 318 4222 lbid.
329 4185 384 4236 pag.
399 4178 451 4223 192.
462 4172 511 4223 cof.
520 4181 543 4223 3.

187 4249 240 4314 (7³)
254 4249 320 4302 lbid.
332 4263 387 4315 pag.
402 4255 455 4302 187.

187 4330 238 4398 (tt)
250 4332 346 4382 Sancto
365 4329 410 4382 det
424 4341 512 4394 resno.
527 4337 563 4382 lt.
574 4331 683 4383 Dicent).
