2872 5062
277 373 345 421 aar.
358 372 401 420 rv.
419 372 458 420 ns
472 371 590 422 anaor.
606 368 665 421 rao
682 370 760 421 uren
774 371 813 419 ou
827 370 922 420 ulra.
933 372 998 421 arv.
1012 371 1082 428 mr.
1097 371 1119 428 1·
1205 348 1271 424 311

167 518 210 563 ne
239 481 447 590 impietatem
468 488 601 575 dicam,
629 502 743 587 utpote
769 487 937 573 absurda,
967 513 1045 560 non
1059 502 1168 585 potest
1197 513 1273 560 esse

166 632 228 679 nec
250 630 410 707 umquam
430 606 499 678 'erit
523 630 646 705 scopus
673 603 773 702 legis.
797 604 862 689 Oui
884 604 948 676 hoo
973 603 1202 702 imprudentes
1228 605 1274 677 el«

166 721 309 807 fatiunt,
332 721 515 820 procedunt
532 735 717 793 err-secreto
737 719 892 792 etheismi
913 716 1050 817 practici
1076 719 1269 806 dictamine,

165 863 186 906 a
210 863 278 935 quo
302 836 402 909 unic'e
428 851 599 932 reguntur.
637 846 640 853 '
932 830 935 837 ’

237 951 395 1024 admisse
422 951 523 1025 semel
549 966 663 1050 optata
690 952 901 1051 separatione
925 969 1018 1027 satus
1043 979 1064 1025 a
1088 952 1267 1049 religione,

164 1069 313 1166 regimen
339 1070 374 1140 in
400 1069 646 1168 despotismum
680 1062 869 1144 absolutum
904 1085 1158 1145 converteretur.
1193 1071 1273 1141 Sine

163 1185 238 1258 basi
265 1205 304 1258 ac
329 1175 546 1258 fundamento
571 1184 712 1259 societas
734 1212 801 1285 qno
823 1201 1009 1283 regeretur,
1039 1188 1208 1272 evaderet,
1231 1211 1271 1259 aa

163 1300 268 1386 cives,
289 1300 352 1398 qui·
367 1290 434 1372 non
459 1295 605 1399 amplius
626 1301 661 1371 in
687 1299 834 1373 absurda
854 1300 911 1373 illa
932 1301 1111 1400 hypothesi
1132 1327 1172 1374 ex
1192 1326 1272 1374 con·

164 1414 305 1486 scientia
338 1413 627 1513 obtemperarent,
656 1414 790 1487 nonnisi
815 1416 848 1488 vi
874 1414 1037 1487 materiali
1063 1414 1272 1488 contineren-

162 1543 237 1614 tur,
259 1552 299 1602 ac
315 1528 350 1599 in
368 1529 480 1603 omnia
504 1529 671 1616 facinora,
693 1524 942 1629 quae‘impune
966 1545 1098 1629 patrare
1116 1556 1153 1602 se
1171 1555 1272 1628 posse

163 1657 355 1743 sperarent,
380 1660 509 1717 tantum
527 1670 594 1719 non
612 1644 849 1717 dilaberentur.
873 1647 974 1718 Porro
988 1646 1151 1744 quidnam
1174 1644 1270 1717 fieret

162 1759 207 1830 dc
230 1757 288 1830 tali
315 1759 499 1832 societate?

235 1872 372 1945 Accedit
390 1874 481 1972 quod
499 1889 648 1972 potestas
666 1875 814 1973 politica,
827 1902 915 1975 quae
932 1902 970 1948 se
983 1875 1026 1948 ab
1040 1875 1182 1948 ecclesia
1198 1875 1270 1948 vin-

162 1988 311 2075 dicaret,
340 2002 377 2059 ut
401 1988 681 2087 independentem
706 2015 744 2061 se
769 1990 1007 2075 constitueret,
1037 1989 1079 2061 de
1105 1989 1193 2062 lacto
1215 2015 1271 2062 ec-

162 2102 267 2176 lesiae
287 2100 515 2177 dominaretur
535 2129 676 2203 eamque
688 2103 759 2176 'sibi
778 2100 968 2176 subiiceret.
986 2103 1068 2176 Cum
1086 2102 1176 2175 euim
1193 2131 1270 2177 ven-

162 2234 231 2290 tum
264 2218 363 2290 luerit
388 2219 430 2291 ad
457 2219 657 2292 divisionem
692 2218 877 2316 temporalis
901 2232 932 2290 et
954 2219 1168 2315 spirituales,
1197 2217 1268 2290 'sibi

162 2334 274 2406 omnia
298 2333 502 2420 vindicaret,
530 2359 618 2433 quae
642 2328 805 2407 anteriora
830 2350 964 2407 santae
985 2332 1050 2405 sub
1076 2358 1197 2405 sensus
1213 2358 1269 2404 ca-

162 2448 265 2535 dunt,
294 2449 445 2549 adeoque
471 2448 536 2522 sibi
563 2450 617 2522 ius
642 2466 810 2546 arrogaret
832 2450 866 2521 in
889 2475 1069 2549 personas,
1099 2449 1135 2519 in
1159 2448 1265 2536 bona,

163 2565 197 2636 in
224 2562 460 2666 disciplinam,
483 2591 521 2639 ac
543 2566 578 2637 in
598 2565 671 2664 ipsa
693 2581 922 2654 sacramenta,
941 2581 1041 2664 prout
1059 2563 1170 2639 medio
1187 2589 1268 2638 aevo

162 2679 261 2778 primi
285 2682 509 2778 separatismr',
538 2697 575 2753 nt
598 2696 735 2767 vocant,
761 2681 950 2754 inventores
975 2680 1088 2780 reipsa
1113 2679 1177 2755 sub
1203 2679 1267 2754 hoe

162 2793 383 2893 separationis
418 2809 589 2893 praetentu
624 2795 697 2867 iura
729 2796 842 2868 omnia
867 2795 902 2869 in
928 2820 1024 2870 sacra
1054 2793 1264 2899 principibus

163 2906 352 2981 tribuebant
368 2912 456 3005 (38).

164 3050 168 3056 ’
236 3058 1268 3126 (aa)Historiastatasseparattstaeexpositareperitnrinscriptoribussaec.xiv.·

161 3139 187 3188 ct
196 3140 249 3188 XV.
260 3139 303 3204 qui
317 3142 418 3203 egerunt
430 3141 461 3191 de
472 3142 599 3207 utriusque
611 3141 736 3206 potestatis
746 3142 969 3192 limitibusverum
979 3140 1097 3190 celebrior
1105 3141 1265 3205 omniumque

159 3216 253 3278 primus
263 3217 326 3269 luter
341 3232 383 3270 cos
400 3219 446 3271 init
460 3221 605 3270 Guilielmus
617 3221 763 3270 Orchamus.
776 3220 822 3270 Hic
833 3221 858 3270 in
869 3220 932 3270 libro
948 3219 1077 3283 inscripto:
1091 3222 1129 3269 Dc
1135 3221 1267 3285 potestate

158 3295 334 3349 ecclesiastica
349 3301 375 3348 ct
387 3299 535 3363 saeculari,
553 3301 670 3364 (vulgato
681 3314 696 3351 a
706 3300 816 3350 Goldesti
836 3303 874 3350 De
892 3299 1047 3351 monarchia
1064 3301 1123 3350 tom.
1136 3301 1156 3349 1.
1169 3312 1225 3364 pag.
1241 3307 1269 3354 ts

159 3377 245 3442 seqq.)
258 3390 331 3443 quem
341 3377 440 3443 scripsit
450 3381 536 3428 contm
545 3378 697 3428 Boniiecium
708 3381 774 3428 vlu.
785 3392 830 3444 pro
841 3378 954 3444 Philippo
964 3377 1083 3440 Pulchro,
1094 3378 1173 3442 prima
1184 3381 1209 3429 et
1219 3391 1268 3429 am·

160 3456 239 3520 pliore
257 3457 402 3510 lineamenta
417 3454 487 3510 dedit
500 3458 573 3509 istius
589 3459 722 3509 doctrinae.
735 3457 860 3522 Siquidem
873 3457 899 3506 in
915 3470 944 3507 eo
958 3457 1044 3508 statuit
1061 3457 1174 3522 principii
1192 3457 1269 3509 iuster

158 3540 350 3602 separationem
368 3516 497 3602 utrius‘duc
514 3537 653 3602 potestatis,
669 3551 773 3602 querum
788 3539 865 3588 altera
884 3537 1034 3602 temperatis
1045 3538 1091 3601 sit,
1102 3550 1166 3600 quae
1177 3538 1216 3588 ius
1226 3538 1272 3588 ini·⁴

159 3616 215 3667 beat
225 3631 298 3683 super
308 3619 466 3682 temporalta;
481 3619 557 3668 nitere
568 3618 730 3682 spiritualis,
742 3631 806 3683 quae
817 3617 937 3670 contineri
947 3615 1034 3668 debeat
1041 3617 1109 3667 intra
1120 3617 1180 3668 tinas
1189 3631 1269 3668 rerum

159 3697 332 3761 spiritualium.
346 3697 391 3748 Sed
407 3698 440 3749 ite
456 3699 556 3762 exponit
573 3698 633 3747 fines
650 3699 706 3763 hos,
718 3699 746 3751 ut
756 3698 873 3751 ecclesiae
883 3697 977 3748 nullam
989 3698 1063 3747 eliam
1075 3697 1267 3749 iurlsdictioncm

156 3775 250 3827 tribuat
259 3778 355 3842 praeter
365 3791 428 3839 erm,
440 3791 503 3841 quoe
516 3779 548 3827 sit
560 3778 607 3828 tori
618 3777 716 3831 interni.
729 3781 765 3828 En
781 3777 834 3828 eius
846 3778 933 3828 verba:
952 3797 965 3822 u
974 3779 1026 3828 lem
1038 3777 1108 3827 vobis
1119 3778 1156 3827 est
1165 3789 1208 3840 per
1219 3777 1270 3840 epi·

156 3857 246 3924 stolam
265 3857 335 3907 Penii
352 3858 463 3921 superios
479 3871 631 3923 responsum,
647 3871 703 3910 eum
720 3858 818 3909 scribit:
830 3858 897 3921 quod
911 3861 999 3909 omnis
1013 3855 1269 3922 ponttseeeattomt·

159 3936 237 3988 urbas
256 3939 421 4002 assumptas,
434 3951 484 4002 pro
501 3937 648 3991 bominibus
665 3940 837 3990 constituitur
852 3941 881 3989 r'rr
896 3941 942 3999 its,
958 3950 1026 4002 qaae
1040 3939 1105 3988 sant
1120 3935 1156 3987 act
1171 3939 1270 3998 Deam,

156 4023 188 4070 at
203 4017 305 4084 osscrot
319 4017 389 4069 dono
403 4021 429 4069 et
441 4017 573 4083 sacrificia
585 4031 634 4086 pro
642 4013 771 4084 peccatur
782 4019 840 4070 etin
852 4018 883 4070 iis
892 4018 982 4069 hebent
992 4030 1037 4068 nos
1048 4029 1141 4080 regere,
1153 4016 1269 4068 videlicet

158 4109 227 4162 qaae
235 4099 299 4146 sunt
312 4095 349 4146 art
360 4099 458 4148 Deum.-
467 4096 684 4150 sedadccclestem
693 4111 742 4147 non
753 4097 858 4160 pertinet
868 4097 894 4146 in
903 4097 943 4159 lis,
953 4109 1016 4160 quae
1026 4095 1086 4145 toris
1096 4097 1163 4158 sunt,
1173 4094 1268 4160 aliquid

160 4176 269 4228 iudicare
279 4176 287 4238 (
297 4177 344 4235 1,.ο.
353 4189 407 4243 pag.
416 4183 453 4226 15.
464 4175 506 4227 lin.
518 4183 544 4226 et
556 4176 644 4241 seqq.»
654 4177 718 4227 Hinc
729 4176 802 4231 intent
812 4176 939 4226 ecclesiam
949 4176 988 4225 ius
1001 4187 1050 4224 uon
1060 4173 1150 4224 trabere
1158 4172 1268 4224 ludicen·

158 4257 184 4305 di
196 4255 228 4306 de
238 4255 376 4307 actionibus
386 4254 521 4307 montibus
529 4255 657 4307 hominurn
667 4255 713 4306 atsi
725 4254 823 4316 rasore
831 4251 1020 4306 sacramentali
1028 4253 1074 4315 (ib.
1083 4267 1107 4324 p.
1116 4253 1270 4320 satiust),

157 4335 223 4406 quod
234 4335 369 4398 temporale
381 4335 498 4402 principis
507 4348 556 4386 nou
567 4335 592 4385 ir
604 4335 653 4383 atio
661 4333 816 4384 subordinari
834 4333 906 4388 dehet
917 4333 1050 4402 rptrtturtt,
1062 4345 1136 4400 quam
1143 4334 1169 4383 ln
1180 4333 1269 4384 submi·

1187 4438 1222 4504 24
