2872 5062
292 375 361 424 err.
378 372 426 423 111.
444 373 483 423 es
501 370 662 424 rmnruo.
683 372 754 422 sur.
771 368 1133 426 11.suoun.rmemou.
1225 352 1270 427 Μ

164 506 232 566 tnta
244 491 429 591 apostolica
442 485 565 578 luisse,
585 489 812 565 benedictioni
823 490 1040 579 sacerdotali,
1055 510 1127 592 qua
1134 498 1274 594 nuptiae

162 606 438 694 cohonestantur,
454 606 619 679 adnexam
635 605 741 679 luisse
758 605 905 679 divin-am
923 606 1083 702 gratiam,
1100 608 1271 709 adeoque,

162 722 255 821 quod
281 711 491 820 consequens
516 737 583 823 est,
611 747 677 794 non
702 721 805 792 alium
831 721 1082 816 agnoscendum
1098 723 1274 798 christiani

162 835 322 910 connubii
348 835 536 908 ministrnm
558 861 634 908 essa
650 850 782 934 praeter
798 835 1016 908 sacerdotem.
1028 835 1189 936 Alioquin
1204 839 1273 914 dn'o

164 974 232 1022 non
253 946 367 1046 exigui
391 949 550 1022 momenti
576 965 794 1049 sequerentur
819 950 1048 1037 incommoda
1069 952 1160 1049 quod
1178 952 1273 1051 prins

163 1063 259 1136 reddi
294 1062 387 1136 nullo
412 1064 512 1137 mode
536 1065 621 1137 ratio
644 1081 778 1163 posset,
806 1088 911 1164 quare
940 1079 1051 1162 patres
1077 1078 1111 1137 et
1133 1066 1275 1140 eoncilia

162 1193 211 1252 tot
226 1178 417 1277 praeconiis
435 1178 612 1251 extulerint
628 1179 718 1251 hane
733 1178 972 1252 sacerdotalem
985 1178 1269 1269 benedictionem,

163 1293 194 1366 si
208 1316 284 1366 eam
302 1294 438 1367 nonnisi
453 1293 501 1366 uti
519 1293 631 1381 ritum,
647 1306 705 1367 aut
720 1319 869 1368 uacuam·
880 1294 1101 1366 ceremoniam
1126 1308 1275 1394 spectas·
1303 1371 1306 1376 ,

163 1424 254 1498 sent,
283 1408 369 1482 adeo
392 1423 431 1481 nt
454 1409 498 1483 ob
522 1410 598 1482 eius
621 1409 841 1484 nescentiam
860 1435 898 1482 se
920 1408 1089 1482 continere
1114 1411 1274 1509 coniuges

162 1525 274 1624 prima
298 1525 491 1623 nuptiarum
516 1542 612 1598 nocte
637 1524 831 1612 debuerint;
860 1525 950 1624 quod
976 1524 1099 1598 deinde·
1121 1526 1197 1614 uix,
1217 1540 1276 1600 ant

161 1634 423 1738 tre-rirqnidem
441 1639 575 1737 probari
593 1652 707 1740 posset
724 1639 886 1713 adversus
904 1639 1123 1713 heterodoxos
1136 1640 1275 1738 dogma

159 1754 228 1836 tica
245 1754 290 1827 de
309 1771 517 1827 sacramento
534 1754 736 1826 matrimonii
753 1754 893 1842 ventas,
914 1754 943 1826 si
962 1754 1005 1827 de
1022 1753 1114 1827 inani
1128 1776 1276 1830 ceramo·

162 1867 221 1941 nia
236 1866 461 1942 concliorum·
473 1884 506 1941 et
523 1884 654 1968 patrum
673 1868 863 1942 testimonia
874 1867 982 1967 accipi
997 1869 1049 1942 fas
1062 1886 1162 1943 esset.
1180 1869 1274 1957 Quae

162 1982 302 2082 qnidem
328 1981 439 2055 mains
457 1981 568 2074 adhuc
585 1983 689 2057 robur
704 1984 892 2082 accipiunt,
912 1984 946 2056 si
957 1985 1162 2072 attendatur,
1183 1985 1274 2084 qnod

160 2096 334 2171 veteribus
358 2097 472 2195 ignota
496 2120 634 2197 prorsus
661 2114 774 2171 essent
797 2099 951 2170 materiae
971 2113 1005 2171 et
1027 2101 1151 2197 formae
1174 2120 1275 2174 voca-

162 2209 261 2298 bula,
276 2236 364 2310 quae
380 2212 516 2284 nonnisi
535 2212 669 2284 saeculo
680 2212 753 2281 XII.
766 2212 800 2281 in
813 2211 939 2284 scholis
952 2211 1178 2285 obtinuerunt.
1190 2211 1273 2285 Cum

163 2323 266 2421 igitur
286 2349 386 2399 voees
412 2324 497 2428 istae
517 2324 668 2425 patribus
694 2325 829 2420 ignotae
852 2325 989 2411 luerint,
1018 2324 1197 2398 dicendum
1222 2341 1277 2400 est

161 2463 220 2511 cos
238 2436 305 2511 boc
328 2437 431 2526 idem,
451 2439 542 2538 quod
561 2437 768 2524 scholastici,
790 2463 850 2535 per
866 2463 924 2510 eas
951 2437 1111 2511 formulas
1127 2437 1276 2512 voluisse

161 2553 365 2652 exprimere,
393 2580 498 2652 quum
524 2551 736 2650 generalibus
763 2551 831 2623 illis
855 2551 966 2624 verbis
991 2553 1045 2624 usi
1071 2568 1165 2639 sunt,
1181 2551 1275 2626 vide-

162 2666 240 2740 licet
263 2668 546 2769 sanctificationis,
575 2668 823 2767 ohsiqnctt'ont’s,
853 2666 1061 2768 aliorumque
1086 2667 1271 2756 eiusmodi,

166 2797 268 2879 prout
284 2782 518 2856 animadvertit
541 2782 663 2854 doctus
685 2781 884 2856 Benedictus
909 2781 1043 2854 Stattler
1063 2785 1093 2878 (1
1101 2786 1151 2878 h).

238 2892 288 2970 dd
312 2894 397 2970 hace
418 2897 564 2984 aceedit,
585 2897 678 2996 quod
695 2895 953 2969 sacramentalia
975 2896 1088 2969 omnia
1112 2895 1276 2995 antiquis·

164 3010 270 3114 sima,
290 3012 427 3087 rituales
444 3013 521 3084 libri
541 3037 657 3085 omncs
680 3011 843 3085 ecclesiae
867 3010 1007 3096 latinae,
1033 3009 1104 3082 sive
1125 3010 1276 3082 occiden-

163 3128 261 3216 talis,
289 3125 488 3230 euchologia
508 3127 672 3200 ecclesiae
698 3125 871 3200 orientalis
893 3124 1072 3197 universae
1097 3123 1277 3197 exhibeant

161 3257 360 3316 constanter
380 3242 586 3315 sacerdotem
608 3242 800 3336 iungentem
817 3237 985 3311 connubia
1001 3237 1201 3324 christiana,
1220 3258 1277 3311 nn-

163 3358 226 3429 riis
250 3356 376 3429 ritibus
397 3381 460 3454 pro
484 3356 620 3428 diversa
640 3370 765 3441 aetate,
794 3379 833 3426 ac
858 3352 1003 3424 diversis
1026 3351 1110 3426 locis
1134 3376 1207 3424 usu
1225 3372 1277 3424 re⁴

162 3472 292 3571 neptim
320 3471 518 3570 pracsertim
543 3496 623 3543 vero
646 3469 878 3542 benedictione
896 3492 935 3541 ac
952 3466 1127 3567 precibus,
1151 3466 1276 3565 quibtte

163 3587 281 3658 allec
305 3610 410 3684 super
432 3584 597 3657 nubentes
631 3586 792 3681 praticae,
826 3608 1005 3681 pacemne
1029 3582 1277 3681 foecunditatem

162 3699 345 3803 implorent
353 3702 441 3795 (17).
454 3699 547 3784 Quae
560 3698 708 3798 prolecto
720 3698 877 3769 evincunt
889 3720 1072 3795 numquam
1086 3720 1156 3768 non·
1165 3693 1277 3767 existi·

163 3836 280 3889 masse
302 3815 499 3902 ecclesiam,
528 3799 594 3913 perT
613 3813 819 3886 sacerdotem
850 3813 998 3910 coniugii
1030 3824 1276 3886 sacramentam

162 3930 414 4016 administrari,-
442 3944 476 4002 et
499 3930 641 4031 gratiam
666 3928 821 4001 conferri.

234 4058 289 4125 trs>
302 4054 422 4124 moon.
434 4059 571 4112 chotun.
583 4063 645 4111 ton.
657 4059 700 4109 vr.
712 4069 736 4110 n.
748 4066 803 4110 eas.

234 4141 289 4205 (th).
299 4141 341 4193 cl.
352 4141 422 4207 qud
433 4143 535 4192 marten.
546 4141 584 4192 De
595 4143 712 4206 antiquis
727 4139 850 4192 eeclesiam
866 4140 962 4191 rtttbas
970 4139 1013 4190 lib.
1023 4141 1042 4188 1.
1054 4139 1117 4201 pach
1127 4137 1158 4188 11'.
1166 4150 1220 4202 cap.
1231 4138 1274 4189 11.

162 4223 209 4272 art.
222 4229 246 4272 ³.
256 4223 307 4272 Nec
317 4234 367 4270 non
378 4220 495 4271 Goarium
507 4221 532 4270 in
543 4220 704 4283 Encholonto
714 4233 769 4283 pag.
783 4227 837 4270 ³80.
845 4219 913 4271 ordo
920 4223 948 4268 tn
954 4217 1120 4282 sponsalibus
1127 4217 1275 4268 cchhrand.

163 4301 189 4353 et
197 4299 394 4353 henmdmiun:
406 4299 558 4365 remorta
570 4299 603 4351 dc
616 4299 645 4350 ln
658 4297 697 4356 fot
708 4301 768 4349 torn.
779 4302 810 4349 v.
822 4299 879 4349 hur.
891 4301 937 4348 vl.
947 4298 1018 4360 chep.
1027 4299 1130 4360 lluseqq.
