2872 5062
213 366 259 438 tt
408 389 470 438 nm.
492 387 516 436 r.
532 386 623 437 sicr.
644 390 669 434 ι.
690 387 730 436 na
754 386 886 437 naara.
902 381 1117 438 alemanno.

211 522 313 581 stram
330 520 364 578 et
380 506 551 579 insinuare
576 496 750 592 fidelihus,
770 520 804 577 et
820 506 965 602 grauiter
989 505 1033 578 ab
1059 503 1248 579 infidelium
1268 528 1327 581 cu·

211 622 351 696 lumniis
376 621 559 694 vindicare.

286 734 461 808 Eiusmodi
487 751 565 808 sunt
588 749 801 832 argumenta,
828 757 916 835 quae
932 761 973 808 ex
993 734 1201 832 theologicae
1224 735 1326 809 disci·

212 849 328 950 plinao
351 872 442 948 penu
465 849 576 922 attndit
597 848 711 922 Canus
736 849 780 921 ad
805 875 901 921 suam
928 848 1128 921 firmandam
1154 846 1326 922 stahilien·

211 964 359 1065 &mque
377 961 576 1037 sententiam
592 962 636 1034 de
651 963 811 1035 connubii
828 963 1004 1036 christiani
1022 963 1195 1049 ministro,
1215 961 1327 1062 dequo

211 1078 427 1152 distinctione
452 1075 628 1174 prolannm
653 1076 740 1148 inter
764 1102 803 1149 ac
827 1075 959 1150 civilem
984 1091 1204 1162 contractum,
1224 1091 1259 1148 et
1275 1101 1328 1149 sa·

211 1182 416 1266 mentum
435 1190 521 1261 inter
537 1188 666 1262 fideles.
683 1190 759 1277 llis,
780 1215 867 1289 quac
887 1216 929 1262 ex
946 1188 1038 1263 Cano
1055 1189 1243 1278 retulimus,
1265 1190 1325 1289 qui

212 1306 289 1378 eins
313 1303 506 1404 opinionem
533 1304 667 1403 sequuti
692 1318 773 1376 sunt
788 1330 855 1377 non
872 1329 980 1404 pauca
996 1303 1208 1390 adiecerunt,
1236 1320 1325 1402 quae

213 1417 415 1517 negligenda
438 1419 579 1490 minime
603 1443 679 1490 csse
703 1419 912 1492 censuimus.

233 1556 236 1563 ’
284 1534 465 1632 Praecipua
485 1533 570 1606 haec
594 1548 690 1619 sunt;
717 1532 858 1606 ecclesia
883 1532 1067 1632 aliquando
1092 1533 1262 1631 indulget,
1287 1547 1326 1606 ut

211 1648 368 1746 coniugia
383 1649 487 1720 mixta
504 1649 592 1719 inter
608 1647 808 1720 catholicum
821 1662 854 1720 et
866 1648 1084 1721 acatholicum
1100 1644 1321 1734 celebrentur,

211 1777 248 1836 ot
268 1762 440 1836 vicemrsa
464 1763 551 1833 inter
575 1761 795 1834 acatholicum
819 1776 853 1833 et
875 1761 1092 1849 catholicam3
1112 1762 1181 1834 iam
1197 1760 1324 1834 verosi

213 1877 447 1951 contrahentes
471 1892 586 1950 essent
608 1876 712 1949 huius
738 1877 937 1950 sacramenti
963 1876 1126 1962 ministri,
1147 1876 1183 1946 in
1200 1873 1326 1974 duplex

214 1990 421 2066 incarcerant
445 1991 678 2088 sacrilegium,
698 1991 789 2091 quod
806 1990 963 2064 alteruter
978 2017 997 2064 e
1013 1991 1147 2065 duobus
1164 1989 1321 2090 patraret.

241 2102 245 2107 ’
285 2107 437 2194 Addunt,
457 2106 557 2179 talem
573 2132 776 2181 consensum
790 2133 851 2206 per
862 2107 961 2204 signa
976 2121 1112 2180 externa
1127 2130 1325 2204 expressum

212 2221 305 2295 hund
330 2247 407 2295 esse
431 2246 532 2321 posse
556 2222 754 2295 sacramenti
779 2221 920 2295 formam
937 2221 1018 2293 inde
1034 2235 1147 2320 aperte
1171 2219 1321 2307 suaderi,

211 2335 304 2435 quod
328 2351 407 2408 ante
429 2334 650 2408 tridentinum
671 2334 792 2434 copula
809 2334 982 2433 sponsalia
1003 2333 1214 2433 subsequens
1231 2358 1326 2432 prae

210 2451 404 2551 sumptione
428 2452 513 2522 iuris
530 2466 565 2523 ct
578 2451 617 2521 dc
636 2452 706 2521 iure
731 2451 903 2550 perficeret
926 2450 1195 2535 matrimonium
1227 2473 1327 2522 nemo

209 2592 309 2665 porro
340 2567 408 2640 nisi
442 2565 589 2639 absurde
621 2565 744 2638 dixerit
774 2565 862 2638 hanc
885 2565 990 2638 luisse
1021 2563 1220 2639 sacramenti
1258 2563 1327 2638 lor-

213 2704 304 2753 mam
319 2683 408 2775 (te).
1171 2679 1175 2684 ’
1268 2668 1272 2674 ’

215 2824 220 2849 ·»
285 2796 474 2881 Praeterea3
499 2811 591 2869 extra
613 2821 748 2869 omnem
765 2796 834 2868 lere
850 2796 1109 2870 controversiam
1135 2810 1203 2882 est,
1231 2794 1325 2868 haud

211 2904 322 3010 pauca
353 2908 612 2984 christianorum
633 2908 799 3008 'coniugia
834 2912 1025 2985 necessario
1058 2909 1240 3010 exposcere
1272 2909 1327 2982 di-

212 3021 426 3098 stinctioncm
457 3025 544 3097 inter
576 3039 778 3098 contractum
809 3040 842 3098 et
872 3039 1137 3112 sacramentum,
1170 3024 1326 3126 adeoque

211 3163 279 3211 non
292 3140 406 3213 omnia
418 3136 679 3212 christianorum
690 3140 904 3212 matrimonia
915 3164 994 3212 vera
1006 3163 1083 3212 esse
1096 3153 1324 3226 sacramenta,

213 3269 313 3352 prout
335 3254 557 3342 contendunt,
586 3255 645 3355 qui
668 3255 901 3328 contrahentes
926 3255 1097 3329 ministros
1122 3280 1199 3328 esse
1222 3254 1326 3328 huius

212 3368 413 3441 sacramenti
426 3385 610 3442 autumant.
632 3371 764 3443 Etenim
782 3371 861 3442 talia
877 3370 1045 3442 censenda
1062 3386 1141 3443 sunt
1156 3396 1216 3457 cu,
1235 3396 1326 3470 quae

210 3496 289 3554 ante
301 3481 519 3556 tridentinum
531 3484 738 3571 obtinebant,
749 3511 904 3583 quaeque
917 3486 1029 3573 tacita,
1038 3511 1099 3557 scu
1108 3500 1327 3585 praesumpta

208 3595 428 3684 uocabantur,
448 3597 536 3669 utin
553 3597 668 3696 specie
683 3624 759 3697 cap.
776 3599 842 3670 llll.
860 3600 918 3669 21.
935 3598 1011 3671 coll.
1027 3598 1110 3669 xlv.
1127 3623 1204 3696 cap.
1219 3598 1321 3670 XXX.

210 3711 245 3783 et
268 3711 399 3784 XXXll.
421 3712 469 3783 lle
493 3712 719 3810 sponatitom
746 3712 829 3786 hacc
858 3730 969 3785 autem
993 3713 1184 3785 oriebantur
1217 3713 1325 3812 potia
1350 3735 1353 3738 ’

208 3826 342 3899 cituum'¹
356 3828 397 3899 ex
421 3825 580 3900 diuturna
604 3854 719 3901 eorum
743 3828 1007 3916 cohabitatione,
1028 3829 1087 3928 qui
1105 3843 1222 3900 mutuo
1246 3854 1324 3902 sese

208 3939 369 4016 haherent
385 3958 556 4042 tamqnam
572 3943 681 4017 virum
699 3958 732 4017 ct
747 3969 896 4018 uxorem.
915 3943 989 4029 Quo
1005 3943 1040 4014 in
1058 3969 1140 4016 (asu
1157 3959 1256 4016 nemo
1274 3943 1324 4015 la-

207 4054 279 4128 cile
293 4057 452 4156 percipit,
476 4057 660 4157 quomodo,
679 4058 733 4133 vel
750 4085 817 4158 quo
835 4075 984 4158 tempore
1001 4073 1248 4132 sacramentum
1264 4074 1324 4131 aut

278 4243 328 4306 (te)
342 4245 381 4294 lta
390 4245 471 4295 carol.
484 4246 584 4297 Blaacus
593 4246 620 4298 in
630 4259 670 4309 cp.
683 4245 806 4310 Opttscoli
816 4247 1138 4296 concntctstcrtctcrtttct‘.
1149 4245 1238 4310 Napoli
1252 4250 1322 4298 1758.

207 4321 268 4370 tom.
281 4325 301 4373 1.
312 4320 423 4386 Dlatrlha
430 4327 462 4375 V.
475 4324 642 4383 maecenate
655 4327 757 4389 nuptiis
766 4337 820 4389 pag.
834 4330 879 4375 252
891 4336 960 4387 seqq.
