2872 5062
225 333 292 402 blld
422 354 482 401 uc.
504 353 526 400 l.
548 351 634 400 Sllssl.
658 352 785 400 tuscul.
803 352 842 399 llll
861 351 992 400 lld'l'lllll·
1005 350 1111 400 elvm.

222 489 295 558 tae,
322 468 460 568 perinde
486 494 525 540 ac
551 467 836 567 subsequentibus
866 468 1057 554 aetatibus;
1086 468 1116 540 si
1142 468 1226 542 lorte
1251 485 1335 541 tem-

222 591 303 687 pora
335 585 458 684 quibus
485 602 665 681 regnarunt
690 583 959 681 Carclcvingiani
993 585 1212 684 imperatores
1243 587 1334 658 exci-

167 698 172 708 ’
221 704 355 803 piantur
372 703 459 797 (88).

232 822 249 885 -.’
295 820 515 917 Imperatores
547 817 675 888 romani
710 831 785 914 post
815 815 1095 902 Constantinum,
1124 815 1220 888 addit
1244 815 1335 889 alius

222 951 356 1020 orator,
384 936 425 1006 ac
457 933 665 1006 lastinianus
691 933 766 1032 ipse
791 932 946 1030 quamvis
974 932 1112 1031 saepius
1144 931 1336 1028 theologum

223 1077 324 1148 cgere·
347 1049 506 1134 uoluerit,
540 1074 726 1147 numquam
750 1064 864 1135 tamen
888 1046 1146 1120 celebrationem
1161 1047 1256 1119 ritus
1284 1072 1339 1118 re-

222 1167 333 1264 ligiosi
349 1168 394 1238 'ut
411 1165 636 1238 conditionem
661 1164 770 1237 civilis
793 1163 997 1237 matrimonii
1023 1164 1249 1236 necessariam
1272 1179 1339 1235 sta·

223 1299 367 1356 tuerunt.
392 1281 568 1355 Eiusmodi
591 1282 774 1355 necessitas
793 1281 932 1354 inducta
952 1281 1052 1354 luita
1074 1280 1193 1353 Carolc
1205 1281 1263 1376 ll,
1276 1306 1340 1353 neo

223 1400 298 1472 sine
324 1398 599 1495 exceptionibus,
629 1397 741 1496 iisque
766 1424 832 1470 non
860 1396 995 1495 paucis,
1018 1412 1055 1469 ut
1075 1411 1167 1494 patet
1191 1380 1233 1467 'ex
1257 1420 1340 1466 con„

224 1515 325 1611 iugiis
347 1513 579 1585 clandestinis.
596 1512 726 1586 Deinde
745 1512 923 1586 concilium
942 1511 1161 1584 tridentinum
1180 1535 1250 1583 non
1266 1509 1341 1608 qui-

224 1631 299 1705 dem
321 1627 510 1726 dogmatica
526 1627 740 1714 definitione,
764 1630 824 1700 sed
847 1656 907 1727 per
926 1628 1074 1703 modum
1088 1626 1338 1701 reformationis

226 1746 416 1818 solemnem
434 1744 637 1816 matrimonii
664 1744 764 1815 ritum
790 1744 982 1831 constituit,
1010 1770 1050 1816 ac
1075 1743 1239 1840 gubernia
1264 1767 1339 1814 eam

225 1861 332 1956 legem
357 1859 571 1958 adoptarunt.
593 1857 687 1931 Haec
710 1874 762 1930 est
784 1859 932 1956 genuina
958 1859 1114 1932 historia.

225 1986 258 2038 ἐκ
284 1978 375 2061 *lost
390 1976 505 2074 ipsum
527 1974 744 2047 tridentinum
765 1974 944 2047 concilium
967 2000 1106 2047 romana
1124 1974 1221 2046 curia
1240 1997 1342 2044 uum*

225 2104 326 2190 quam
359 2086 515 2187 gallicam
551 2089 659 2186 legem
690 2087 732 2160 de
749 2089 976 2162 matrimonio
1001 2088 1094 2162 civili
1127 2087 1344 2161 anticatboli-

223 2201 297 2278 cani
323 2204 515 2276 declaravit.
538 2201 720 2302 Postquam
746 2204 895 2300 organici
917 2202 1049 2276 articuli
1074 2203 1167 2275 editi
1182 2203 1338 2288 luerunt,

224 2338 342 2394 sancta
365 2317 464 2393 sedes
490 2320 656 2418 quasdam
674 2319 754 2392 lecit
771 2318 1077 2418 expostulationes,
1096 2334 1133 2390 at
1149 2317 1237 2389 nihil
1258 2317 1343 2389 dixit

223 2430 359 2509 omnino
390 2437 432 2507 de
465 2430 676 2508 matrimonio
707 2435 823 2520 civili,
862 2433 921 2507 sed
956 2435 999 2506 de
1025 2434 1176 2509 divortio
1210 2448 1342 2505 tantum

224 2567 408 2649 conquesta
437 2567 500 2622 est.
529 2550 624 2622 Anno
656 2553 763 2620 1817.
794 2564 909 2622 sancta
943 2549 1041 2622 sedes
1075 2548 1142 2621 alia
1171 2548 1341 2647 quaedam

223 2665 312 2737 circa
337 2666 610 2750 conventionem,
639 2692 740 2764 quam
767 2680 899 2751 vocant,
930 2684 1030 2763 atque
1055 2665 1233 2762 organicos
1259 2663 1340 2736 arti-

223 2779 316 2853 culos
343 2780 541 2878 prcposuit,
572 2781 632 2852 sed
659 2781 778 2852 iterum
805 2781 897 2854 siluit
918 2782 960 2854 de
986 2782 1199 2854 matrimonio
1232 2778 1337 2853 civili.

224 2896 377 2967 Attamen
408 2910 486 2965 tunc
519 2894 677 2994 temporis
703 2911 779 2993 post
805 2896 872 2968 lata
904 2922 958 2968 an.
988 2897 1096 2968 1814.
1132 2894 1250 2990 religio
1284 2919 1341 2964 co-

228 3012 347 3083 tltolt‘cc
372 3029 542 3110 tamquam
565 3027 672 3084 status
692 3011 810 3108 religio
825 3012 1012 3084 habebatur
1028 3014 1116 3106 (89).

231 3154 255 3171 -’
297 3128 405 3226 Atque
429 3126 471 3198 ad
499 3126 640 3199 Galliam
666 3127 828 3225 quidem,
853 3128 943 3226 quod
970 3128 1112 3213 attinet,
1140 3127 1170 3198 si
1192 3126 1270 3199 eius
1291 3125 1339 3196 bi-

225 3243 327 3314 storia
355 3258 463 3316 aetate
490 3243 565 3342 ipsa
588 3243 764 3315 tridentini
779 3242 1000 3342 inspiciatur,
1026 3241 1134 3314 Galba
1154 3267 1340 3340 numquam

225 3358 440 3455 disciplinam
467 3359 639 3431 tridentini
658 3358 792 3431 concilii
809 3360 949 3457 accepit.
965 3358 1077 3431 Voluit
1090 3357 1228 3457 quidem
1242 3382 1338 3429 suam

224 3496 300 3545 esse
322 3474 464 3546 ‘formam
489 3474 693 3547 matrimonii
705 3475 740 3545 in
754 3475 898 3547 concilio
917 3491 1091 3562 statutam,
1110 3499 1151 3547 eo
1164 3473 1218 3546 vel
1233 3473 1341 3546 maxi-

225 3606 297 3675 me,
326 3588 416 3688 quod
438 3589 622 3662 cardinalis
648 3591 884 3688 Lotharingius
917 3591 1011 3662 illam
1032 3618 1052 3662 a
1076 3589 1221 3664 concilio
1246 3589 1340 3661 effla-

225 3702 403 3798 gitdverit,
430 3706 490 3778 sed
525 3731 598 3777 eam
630 3705 855 3805 promulgavit
878 3723 916 3778 ut
939 3705 1046 3802 legem
1060 3705 1210 3778 ,omnino
1241 3730 1339 3778 suam

224 3817 401 3893 occasione
426 3819 609 3894 conventus
635 3821 820 3909 blesensis,
850 3821 933 3921 quin
958 3821 1061 3895 ullam
1089 3820 1224 3894 concilii
1249 3846 1339 3892 men·

224 3932 347 4008 nonem
373 3936 536 4009 iniiceret.
554 3937 592 4007 ln
615 3936 690 4035 ipso
715 3962 818 4034 regno
844 3936 1025 4035 subalpino
1044 3937 1078 4008 in
1101 3935 1245 4009 Pineroli
1260 3961 1340 4034 pro.⁴

224 4052 336 4124 vincia
362 4051 543 4152 disciplina
569 4052 741 4124 tridentini
755 4077 822 4124 non
837 4053 899 4126 luit
914 4069 1063 4153 recepta:
1095 4053 1177 4125 alibi
1204 4068 1337 4151 recepta

292 4240 346 4301 (ss)
362 4233 458 4289 cenato
472 4239 515 4288 dez
530 4251 618 4302 repro.
634 4239 875 4290 innectentem.

298 4321 347 4379 (89)
364 4321 458 4368 senato
470 4317 513 4366 del
528 4329 615 4379 reone.
629 4325 665 4368 16.
676 4317 785 4366 Dicent).
