2872 5062
167 373 209 441 ιι
288 432 290 438 .
358 390 420 440 ιιι.
442 390 464 439 ι.
485 389 572 439 sacr.
595 389 618 438 ι.
639 389 680 438 ιι
698 386 831 438 ιιιιιιι.
848 386 1063 438 succusano.
1085 397 1104 434 s
1187 403 1192 413 ‚

162 511 247 585 siam
271 507 461 582 celebrandi
485 508 659 604 coniugia,
680 532 720 580 ιο
745 506 822 579 sine'
845 505 1045 580 sacerdotali
1070 505 1277 609 ministerio,

161 627 245 700 adeo
261 631 300 699 ιἰι
316 625 433 698 illicita
458 623 627 698 connubia
652 622 861 710 habeantur,
881 649 969 722 quae
987 647 1085 695 secus
1103 621 1280 696 initajfue·

161 743 247 828 rint,
280 739 576 838 subiicienturque''
598 737 839 836 poenitentiae,
866 737 926 836 qui
952 736 1027 809 sinc
1048 735 1280 812 ecclesiastico

161 873 324 986 apparatu
353 854 602 930 matrimonium
630 854 767 926 inierint
798 855 887 950 (63).
917 853 1010 925 ldem
1033 853 1091 925 dic
1114 852 1158 926 de
1182 854 1279 952 praxi

160 988 195 1045 ct
215 999 283 1070 usu
300 972 336 1043 in
354 968 507 1045 ecclesiis
525 967 808 1055 occidentalibus,
829 983 867 1040 nt
881 976 928 1040 οι
939 966 1052 1040 allatis
1068 966 1280 1043 documentis

161 1089 243 1162 satis
268 1085 371 1188 p‘atet.
1230 1106 1279 1161 ..ι

160 1200 380 1288 Οιιιιιιι
371 1200 473 1298 rgitur
496 1200 704 1300 exploratum
729 1201 795 1287 sit,
824 1152 936 1298 patres
960 1199 1055 1273 iuxta
1080 1224 1154 1272 cam
1176 1146 1281 1274 iidem

161 1334 209 1391 et
220 1316 426 1403 doctrinam,
456 1341 545 1414 quae
569 1316 604 1387 in
636 1314 779 1389 ecclesia
803 1313 993 1402 obtinebat,
1021 1339 1098 1388 csse
1122 1314 1278 1402 locutos;

160 1428 283 1504 exinde
308 1428 476 1527 colligitur
499 1429 691 1503 eorumdem
716 1428 830 1515 effata,
858 1427 940 1501 dum
963 1445 1100 1526 agentes
1120 1429 1166 1502 de
1188 1429 1281 1503 clui-

160 1546 270 1621 stiano
300 1544 468 1621 connubio
495 1545 604 1618 eidem
629 1543 830 1618 adscribunt
853 1543 1171 1647 sanctificationem,
1199 1571 1281 1619 san-

160 1662 339 1749 ctitatem,
375 1661 672 1748 benedictionem,
707 1661 879 1758 gratiam,
906 1659 1002 1733 'dnm
1034 1671 1280 1737 sacramentum

158 1789 297 1866 vocant,
323 1777 405 1849 dum
430 1791 601 1853 testantur,
618 1776 790 1850 Christum
815 1776 1008 1874 coniugium
1034 1777 1277 1866 sanctificasse,

156 1891 288 1991 nuptiis
312 1890 547 1979 benedixisse,
574 1891 716 1989 gratiam
741 1892 869 1992 nuptiis
895 1883 1116 1980 conciliasse,
1141 1892 1281 1968 totidem

160 2019 246 2082 esse'
262 2008 467 2096 testimonia,
496 2007 631 2106 quibus
647 2007 791 2081 efficitur
815 2008 1026 2082 matrimonio
1050 2033 1164 2081 ueram
1188 2035 1281 2118 com·

160 2139 273 2223 petere
287 2123 487 2199 sacramenti
501 2124 676 2197 rationem.
694 2124 766 2198 Nisi
781 2124 871 2197 enim
883 2124 927 2198 dc
941 2141 1149 2228 sacramento
1162 2151 1280 2223 presse

160 2237 453 2338 sumptoillorum
478 2236 581 2310 verba
606 2254 721 2312 essent
736 2238 952 2337 accipienda,
973 2239 1008 2311 in
1026 2253 1189 2339 perpetua
1204 2241 1281 2346 'ool-

159 2353 299 2441 lisione,
327 2368 386 2426 aut
415 2352 628 2452 oppositione
660 2353 767 2427 forent
797 2379 874 2427 oum
898 2353 1062 2427 ecclcsiae
1086 2354 1280 2455 fidessatqu'e

158 2467 324 2542 doctrina.
353 2466 696 2566 Siquidemecclesia
720 2468 917 2567 quotidiana
948 2471 1043 2568 praxi
1066 2469 1282 2551 deolmseet

158 2599 197 2658 se
224 2608 341 2655 rerum
374 2581 610 2662 administrare
642 2600 917 2672 sacramentum,
954 2612 992 2658 se
1016 2586 1206 2660 intendere·
1222 2613 1281 2663 ιι-

159 2712 248 2774 rum,
271 2684 519 2770 sacramentum
555 2698 723 2785 conferre,
751 2725 813 2772 seu
839 2716 1085 2774 sacramentum
1117 2729 1138 2775 a
1171 2703 1281 2803 fideli·

158 2813 431 2897 busjconficiin
457 2812 681 2887 celebratione
706 2815 918 2915 nuptiarum,
939 2833 1052 2916 patres
1077 2843 1157 2891 vero
1177 2817 1279 2895 locuti

159 2928 315 3009 fuissent.
341 2944 398 3002 aut
422 2929 474 3002 de·
490 2946 699 3005 sacramento
724 2930 790 3004 late
816 2949 981 3032 sumpto,
1023 2950 1080 3008 aut
1104 2934 1150 3008 de
1171 2961 1280 3011 vacua

158 3043 347 3128 ceremonia
365 3070 404 3117 ac
420 3044 506 3117 ritu
503 3043 616 3130 Quod
632 3071 698 3119 non
717 3044 825 3118 solum
839 3047 934 3120 nefas
947 3065 1000 3121 est
1015 3049 1127 3122 dicere
1144 3077 1184 3125 ac
1201 3078 1279 3126 sen-

158 3158 238 3246 tire,
265 3159 325 3232 sed
346 3159 448 3257 plane
469 3159 674 3247 absurdum,
709 3188 748 3235 ιο
774 3162 925 3262 patribus
952 3190 1163 3264 summopere
1188 3167 1279 3243 iniu-

159 3274 321 3357 riosum.
409 3325 410 3329 =
477 3308 480 3314 ¹
526 3298 542 3318 ⁶
1219 3354 1223 3364 ,
1263 3357 1271 3367 ,

156 3390 345 3464 Merito
355 3409 547 3491 propterea
571 3394 718 3469 diximus
745 3423 786 3468 ex
811 3396 962 3470 doctrina
985 3423 1025 3470 ac
1050 3396 1117 3470 fide
1143 3399 1279 3474 univer-

157 3505 239 3580 salis
264 3506 427 3582 ecclesiae
451 3508 559 3584 lucem
576 3509 705 3584 effundi
723 3527 853 3612 patrum
871 3513 988 3599 dictis,
1011 3515 1041 3586 si
1060 3540 1147 3614 quae
1163 3515 1277 3590 minus

157 3620 343 3695 decretoria
368 3649 409 3696 ex
435 3651 472 3697 se
496 3625 690 3699 viderentur
697 3653 908 3726 ,eorumque
926 3655 1064 3703 sensum
1081 3655 1277 3776 germanum

158 3734 386 3809 determinari.
446 3771 448 3773 ·
1195 3755 1197 3768 ¹

231 3850 327 3936 Quae
351 3878 428 3924 cum
453 3853 499 3926 ita
524 3881 567 3928 se
585 3855 783 3944 habeant,
774 3883 841 3930 ram
859 3874 951 3957 patet
975 3859 1058 3959 quid
1075 3858 1118 3933 de
1134 3858 1276 3932 Erasmo

157 3967 370 4041 sentiendum
400 3968 465 4058 sit,
494 3970 575 4043 dum
606 3972 641 4043 in
674 3972 787 4046 adnot.
820 3974 863 4046 ad
894 3976 919 4045 l.
951 3974 1026 4047 Gor.
1055 3975 1126 4045 Vll.
1160 3974 1278 4049 leviter

156 4082 278 4170 nimis,
299 4110 339 4157 ac
356 4076 483 4158 temere¹
496 4085 596 4159 etiam
614 4087 792 4162 affirmavit
808 4090 966 4187 nuspiam
985 4089 1056 4164 sive
1073 4090 1278 4190 apudgrac·

153 4223 235 4285 coe,
265 4199 336 4273 sive
366 4199 459 4299 apud
491 4199 613 4276 latinos
646 4203 820 4303 quidpiam
852 4204 997 4292 offendi,
1026 4207 1131 4306 unde
1147 4205 1276 4305 liqueat

229 4350 279 4413 (ιι)
296 4351 334 4402 cl.
349 4326 468 4404 Goarium
480 4353 504 4405 in
515 4355 581 4406 notis
590 4355 622 4406 ad
634 4331 838 4420 ambolagium
851 4349 940 4421 efficto
953 4360 1138 4410 coronatione.
1184 4400 1189 4410 .
1250 4412 1252 4417 ,
