2872 5062
232 343 298 413 338
415 365 476 415 us.
497 367 518 413 ι.
542 366 647 422 sacrm
673 369 801 418 iurent.
824 369 864 418 nu
881 370 1012 421 urrnrn.
1035 350 1155 421 curu.¹

301 488 438 587 lamque
449 487 592 584 digressi
608 513 724 561 sumus
740 489 773 558 in
788 486 928 560 alterum
942 488 1102 561 motivum
1115 511 1223 560 novae
1236 488 1335 561 istius

230 603 454 676 instituendae
480 605 565 701 legis
590 630 629 676 ao
651 606 752 677 veteri
777 603 1011 690 sufficiendae,
1034 629 1154 703 nempe
1167 606 1338 702 principio

229 719 346 816 quibus
358 723 483 817 rapitur
495 747 613 792 novum
624 721 834 818 subalpincm
845 719 1049 816 pudoratam.
1062 719 1234 805 Quaenam
1248 719 1340 816 prin-

229 834 318 931 cipia
338 835 420 906 haec
445 836 480 906 in
506 836 618 935 specie
637 836 727 920 sint,
749 836 905 933 nuspiam
923 834 1007 906 satis
1025 858 1186 932 expressa
1208 834 1336 931 reperi;

229 950 259 1019 si
279 963 389 1020 tamen
417 950 626 1022 coniecturae
651 948 744 1023 locus
770 948 901 1021 dandus
926 964 1042 1020 estex
1068 947 1165 1021 lactis
1190 945 1341 1046 publicis

228 1090 273 1136 ac
288 1065 445 1150 notoriis,
475 1065 651 1164 quaesibi
677 1066 820 1137 invicem
846 1064 965 1162 raptim
994 1063 1196 1150 succedunt,
1220 1088 1342 1162 opero-

228 1205 302 1251 sum
328 1205 394 1252 non
421 1195 472 1253 est
497 1181 660 1254 divinare.
687 1181 847 1253 Videntur
872 1181 974 1276 igitur
999 1205 1075 1252 esse
1099 1178 1256 1252 voluutas
1280 1204 1344 1278 op-

228 1293 396 1391 primendi
421 1311 601 1395 utrumque
629 1295 767 1382 clerum,
789 1295 973 1368 secularem
999 1293 1127 1368 scilicet
1150 1310 1184 1366 et
1209 1293 1342 1391 regula-

229 1434 317 1495 rem;
339 1410 518 1508 expoliatio
540 1437 580 1484 ac
600 1411 816 1509 depraedatio
838 1411 1000 1484 bonorum
1020 1408 1337 1494 ecclesiasticorum

230 1539 327 1596 cauta
345 1550 384 1596 ac
402 1551 463 1621 per
479 1526 605 1622 gradus
630 1527 816 1625 procedens
842 1525 979 1599 abolitio
1003 1526 1102 1624 primi
1132 1524 1343 1598 constitutio·

228 1639 281 1709 nis
304 1639 458 1725 articuli,
488 1666 555 1738 quo
581 1639 698 1736 religio
724 1640 889 1712 catholica
913 1641 983 1712 solo
1009 1655 1116 1712 status
1142 1638 1260 1736 religio
1281 1638 1341 1712 de·

228 1752 352 1826 clarata
378 1770 448 1840 est;
468 1755 618 1829 inductio
644 1754 879 1852 anglicanismi
904 1755 1103 1853 temperati;
1132 1754 1340 1854 compressio

226 1867 389 1941 bonorum
424 1885 457 1942 et
489 1870 617 1943 evectio
648 1870 901 1968 pessimorum,
938 1895 977 1943 ac
1010 1869 1144 1943 demum
1179 1870 1340 1943 effraenis

227 1984 340 2056 carnis
366 1984 512 2058 licentia.
547 1985 641 2058 Talia
667 2001 745 2058 sunt
770 1985 959 2084 principia,
993 1985 1119 2085 quibus
1145 2011 1212 2060 non
1238 1987 1337 2085 pauci

225 2096 350 2170 vellent
379 2098 451 2170 lieri
478 2099 581 2173 duces
607 2100 761 2197 gubernii
788 2099 976 2198 subalpini,
1007 2125 1082 2172 cum
1113 2098 1237 2199 quibus
1262 2125 1340 2198 pro·

227 2212 312 2287 lecto
329 2213 381 2285 lex
398 2214 565 2288 catholica
589 2216 729 2313 antiqua
753 2232 788 2287 et
808 2240 925 2288 recens
943 2214 986 2287 de
1003 2214 1160 2312 coniugio
1179 2214 1341 2312 religioso

227 2333 381 2428 componi
409 2331 536 2430 nequit.
563 2331 668 2430 ldque
694 2331 840 2428 ingenue
864 2329 1036 2403 latendum
1057 2346 1120 2403 est.
1141 2331 1261 2402 Verum
1280 2335 1341 2430 qui

227 2444 391 2516 eiusmodi
422 2444 588 2543 principia
618 2445 839 2542 profitentur,
875 2444 1070 2516 meminisse
1097 2442 1259 2527 deberent
1282 2469 1339 2517 ve-

227 2557 307 2628 teris
333 2556 426 2630 illius
452 2559 565 2631 ellati:
596 2558 712 2657 quod,
740 2560 799 2657 qui
825 2559 943 2657 spinas
970 2559 1074 2645 serit,
1103 2557 1245 2633 tribulos
1270 2559 1339 2634 col-

226 2669 309 2768 ligat
331 2698 470 2754 necesse
490 2688 554 2745 est,
578 2673 620 2744 Hi
637 2689 748 2746 autem
767 2673 880 2745 tribuli
898 2689 995 2746 erunt
1012 2672 1191 2762 anarchia,
1219 2674 1339 2747 tumul·

227 2802 300 2874 tus,
329 2787 598 2887 perduelliones,
618 2789 761 2886 direptio
778 2788 961 2877 bonorum,
982 2789 1165 2863 destructio
1189 2789 1338 2863 familiae

226 2918 259 2974 et
283 2904 466 2977 societatis.
1276 2980 1281 2989 .

301 3019 399 3105 Quod
425 3023 454 3094 si
480 3023 643 3097 eiusmodi
674 3041 753 3096 sunt
783 3024 967 3123 principia,
996 3022 1120 3120 quibus
1146 3048 1214 3095 nou
1239 3023 1337 3122 pauci

225 3134 390 3208 moderari
410 3136 533 3210 vellent
553 3137 714 3235 gubernio
738 3137 935 3236 subalpino,
961 3153 1060 3235 prout
1084 3163 1125 3210 ex
1150 3137 1336 3210 continenti

225 3251 434 3347 publicorum
452 3253 614 3327 factorum
633 3255 847 3328 successione
864 3254 1041 3327 manifeste
1058 3250 1244 3349 colligitur;
1260 3278 1336 3326 cum
1399 3349 1401 3354 Ι

225 3365 330 3462 impia
350 3392 390 3438 ea
410 3368 497 3454 sint,
521 3367 761 3441 concludamus
787 3394 925 3441 necesse
950 3384 1019 3455 est,
1048 3369 1139 3466 piam
1165 3392 1243 3441 esse
1270 3393 1335 3440 nou

224 3504 325 3578 posse
344 3481 467 3576 legem,
483 3509 659 3580 quaecum
673 3482 741 3556 illis
755 3484 910 3582 componi
928 3482 1037 3556 debet.
1054 3481 1098 3554 At
1115 3482 1200 3556 forte
1217 3508 1337 3556 norma

222 3783 277 3834 pag.
290 3776 343 3822 tet.
356 3791 368 3814 «ι
380 3773 475 3823 Fratres
483 3775 508 3822 et
516 3786 613 3824 sorores
622 3774 660 3824 lex
671 3774 788 3825 concedet
798 3787 846 3824 una
856 3775 984 3837 congredi,
994 3775 1015 3824 si
1026 3787 1080 3824 sors
1090 3775 1124 3824 ita
1135 3774 1275 3826 tribuerit.»
1286 3776 1336 3824 Nec

219 3849 374 3900 obliviscitur
384 3851 447 3901 ritus
456 3851 575 3914 religiosi,
588 3852 694 3902 subdens
702 3866 758 3916 pag.
769 3854 923 3916 489.»igitur
935 3853 991 3903 testi
1007 3852 1108 3916 quidam
1126 3851 1180 3903 dics
1191 3854 1265 3903 erunt
1277 3852 1335 3915 legi·

223 3931 268 3978 bus
284 3931 460 3994 constituendi,
473 3933 499 3982 iu
510 3932 600 3996 quibus
610 3947 711 3996 sponsos
726 3936 751 3984 et
765 3947 868 3997 sponsas
886 3947 1074 3997 congregemus,
1086 3935 1112 3984 ct
1124 3946 1195 3984 secra
1205 3933 1230 3983 et
1241 3932 1334 3995 hymni,

223 4011 267 4072 qui
277 4011 370 4072 nuptiis
381 4011 431 4060 iliis
438 4012 596 4075 conveniant,
609 4026 623 4062 a
636 4013 716 4076 poetis
726 4014 816 4064 nostris
827 4014 996 4078 instituentur,
1006 4014 1147 4078 nuptiamm
1158 4004 1242 4064 autem
1251 4022 1333 4061 uume-

222 4104 276 4138 rum
295 4092 504 4152 magistratuum
520 4091 634 4142 arbitrio
652 4093 840 4157 permittimus.»
854 4094 973 4145 Platonis
987 4097 1049 4158 opp.
1063 4096 1180 4161 orantum
1191 4094 1253 4142 tom.
1265 4093 1297 4141 ΙΙ.
1309 4088 1335 4138 in

220 4167 264 4217 fot.
272 4181 351 4231 graec.
358 4171 383 4218 et
394 4169 461 4220 latin.
471 4183 501 4220 ex
511 4171 611 4234 interpr.
621 4171 727 4234 Serrani,
737 4172 776 4223 ed.
789 4173 987 4236 ilenrstepheni
999 4173 1151 4223 1578.0misi
1162 4171 1245 4235 turpia
1255 4181 1336 4233 quem

220 4247 335 4308 plurima,
345 4261 409 4311 qnae
419 4248 509 4300 ibidem
523 4248 631 4301 dictores
644 4250 714 4300 Plato
725 4251 859 4303 constituit.
872 4253 915 4302 isti
926 4253 983 4301 suut
992 4251 1114 4314 fontenet
1123 4249 1214 4314 quibus
1225 4259 1332 4300 commu·

219 4321 297 4375 cistae
307 4327 418 4378 hodiemi
429 4341 506 4392 equas
515 4342 572 4380 suas
583 4329 733 4380 derivarunt.
