<?xml version="1.0" encoding="UTF-8"?>
<!DOCTYPE html PUBLIC "-//W3C//DTD XHTML 1.0 Transitional//EN"
    "http://www.w3.org/TR/xhtml1/DTD/xhtml1-transitional.dtd">
<html xmlns="http://www.w3.org/1999/xhtml" xml:lang="en" lang="en">
 <head>
  <title>
</title>
<meta http-equiv="Content-Type" content="text/html;charset=utf-8" />
  <meta name='ocr-system' content='tesseract 3.04.00' />
  <meta name='ocr-capabilities' content='ocr_page ocr_carea ocr_par ocr_line ocrx_word'/>
</head>
<body>
  <div class='ocr_page' id='page_1' title='image "./dematrimoniochr00perrgoog_0231.png"; bbox 0 0 2872 5062; ppageno 0'>
   <div class='ocr_carea' id='block_1_1' title="bbox 235 373 1135 444">
    <p class='ocr_par' dir='ltr' id='par_1_1' title="bbox 235 373 1135 444">
     <span class='ocr_line' id='line_1_1' title="bbox 235 373 1135 444; baseline -0.006 -2"><span class='ocrx_word' id='word_1_1' title='bbox 235 373 303 444; x_wconf 77' lang='lat'>212</span> <span class='ocrx_word' id='word_1_2' title='bbox 435 395 496 443; x_wconf 81' lang='lat' dir='ltr'>um.</span> <span class='ocrx_word' id='word_1_3' title='bbox 518 394 541 443; x_wconf 93' lang='lat'>1.</span> <span class='ocrx_word' id='word_1_4' title='bbox 563 391 648 442; x_wconf 86' lang='lat' dir='ltr'>sscr.</span> <span class='ocrx_word' id='word_1_5' title='bbox 670 391 800 441; x_wconf 75' lang='lat' dir='ltr'>rursm.</span> <span class='ocrx_word' id='word_1_6' title='bbox 821 389 1135 440; x_wconf 72' lang='lat' dir='ltr'>castrumduni.</span> 
     </span>
    </p>
   </div>
   <div class='ocr_carea' id='block_1_2' title="bbox 181 507 1345 4282">
    <p class='ocr_par' dir='ltr' id='par_1_2' title="bbox 181 507 1345 3133">
     <span class='ocr_line' id='line_1_2' title="bbox 305 507 1343 605; baseline -0.001 -24"><span class='ocrx_word' id='word_1_7' title='bbox 305 510 488 583; x_wconf 83' lang='lat' dir='ltr'>Tridentini</span> <span class='ocrx_word' id='word_1_8' title='bbox 515 525 626 583; x_wconf 88' lang='lat' dir='ltr'>autem</span> <span class='ocrx_word' id='word_1_9' title='bbox 652 507 754 581; x_wconf 88' lang='lat' dir='ltr'>verba</span> <span class='ocrx_word' id='word_1_10' title='bbox 779 508 863 580; x_wconf 88' lang='lat' dir='ltr'>haec</span> <span class='ocrx_word' id='word_1_11' title='bbox 889 523 983 584; x_wconf 88' lang='lat' dir='ltr'>sunt:</span> <span class='ocrx_word' id='word_1_12' title='bbox 1009 507 1143 580; x_wconf 78' lang='lat' dir='ltr'>«Grave</span> <span class='ocrx_word' id='word_1_13' title='bbox 1169 522 1343 605; x_wconf 86' lang='lat' dir='ltr'>peccatum</span> 
     </span>
     <span class='ocr_line' id='line_1_3' title="bbox 232 620 1344 719; baseline -0.001 -23"><span class='ocrx_word' id='word_1_14' title='bbox 232 641 284 698; x_wconf 87' lang='lat' dir='ltr'>est</span> <span class='ocrx_word' id='word_1_15' title='bbox 301 625 455 697; x_wconf 91' lang='lat' dir='ltr'>homines</span> <span class='ocrx_word' id='word_1_16' title='bbox 474 623 601 697; x_wconf 89' lang='lat' dir='ltr'>solutos</span> <span class='ocrx_word' id='word_1_17' title='bbox 619 621 825 696; x_wconf 90' lang='lat' dir='ltr'>concubinas</span> <span class='ocrx_word' id='word_1_18' title='bbox 844 620 988 709; x_wconf 89' lang='lat' dir='ltr'>habere,</span> <span class='ocrx_word' id='word_1_19' title='bbox 1009 621 1247 719; x_wconf 81' lang='lat' dir='ltr'>grauissimum</span> <span class='ocrx_word' id='word_1_20' title='bbox 1263 647 1344 695; x_wconf 82' lang='lat' dir='ltr'>uero</span> 
     </span>
     <span class='ocr_line' id='line_1_4' title="bbox 231 737 1342 836; baseline -0.002 -24"><span class='ocrx_word' id='word_1_21' title='bbox 231 756 264 813; x_wconf 88' lang='lat' dir='ltr'>et</span> <span class='ocrx_word' id='word_1_22' title='bbox 289 740 323 811; x_wconf 94' lang='lat' dir='ltr'>in</span> <span class='ocrx_word' id='word_1_23' title='bbox 350 740 451 811; x_wconf 92' lang='lat' dir='ltr'>huius</span> <span class='ocrx_word' id='word_1_24' title='bbox 478 739 589 836; x_wconf 81' lang='lat' dir='ltr'>magni</span> <span class='ocrx_word' id='word_1_25' title='bbox 618 738 816 812; x_wconf 82' lang='lat' dir='ltr'><strong>sacramenti</strong></span> <span class='ocrx_word' id='word_1_26' title='bbox 855 737 1107 833; x_wconf 82' lang='lat' dir='ltr'>(matrimonii)</span> <span class='ocrx_word' id='word_1_27' title='bbox 1137 737 1342 834; x_wconf 81' lang='lat' dir='ltr'>singularem</span> 
     </span>
     <span class='ocr_line' id='line_1_5' title="bbox 230 838 1344 954; baseline -0.003 -26"><span class='ocrx_word' id='word_1_28' title='bbox 230 870 456 954; x_wconf 87' lang='lat' dir='ltr'>contemptum</span> <span class='ocrx_word' id='word_1_29' title='bbox 484 838 688 940; x_wconf 88' lang='lat' dir='ltr'>admissum,</span> <span class='ocrx_word' id='word_1_30' title='bbox 709 869 865 926; x_wconf 87' lang='lat' dir='ltr'>uxoratus</span> <span class='ocrx_word' id='word_1_31' title='bbox 890 879 1025 952; x_wconf 89' lang='lat' dir='ltr'>quoque</span> <span class='ocrx_word' id='word_1_32' title='bbox 1051 852 1086 923; x_wconf 89' lang='lat' dir='ltr'>in</span> <span class='ocrx_word' id='word_1_33' title='bbox 1113 853 1177 926; x_wconf 91' lang='lat' dir='ltr'>hoc</span> <span class='ocrx_word' id='word_1_34' title='bbox 1201 852 1344 925; x_wconf 89' lang='lat' dir='ltr'>damna·</span> 
     </span>
     <span class='ocr_line' id='line_1_6' title="bbox 231 967 1343 1067; baseline -0.003 -24"><span class='ocrx_word' id='word_1_35' title='bbox 231 970 332 1043; x_wconf 90' lang='lat' dir='ltr'>tionis</span> <span class='ocrx_word' id='word_1_36' title='bbox 352 986 441 1042; x_wconf 91' lang='lat' dir='ltr'>statu</span> <span class='ocrx_word' id='word_1_37' title='bbox 465 970 592 1055; x_wconf 87' lang='lat' dir='ltr'>vivere,</span> <span class='ocrx_word' id='word_1_38' title='bbox 614 969 794 1042; x_wconf 78' lang='lat' dir='ltr'>accudere</span> <span class='ocrx_word' id='word_1_39' title='bbox 819 995 877 1040; x_wconf 87' lang='lat' dir='ltr'>aas</span> <span class='ocrx_word' id='word_1_40' title='bbox 903 968 1106 1067; x_wconf 84' lang='lat' dir='ltr'><strong>quandoque</strong></span> <span class='ocrx_word' id='word_1_41' title='bbox 1130 967 1223 1040; x_wconf 92' lang='lat' dir='ltr'>domi</span> <span class='ocrx_word' id='word_1_42' title='bbox 1241 968 1343 1041; x_wconf 90' lang='lat' dir='ltr'>etiam</span> 
     </span>
     <span class='ocr_line' id='line_1_7' title="bbox 230 1081 1344 1169; baseline -0.003 -11"><span class='ocrx_word' id='word_1_43' title='bbox 230 1111 306 1158; x_wconf 91' lang='lat' dir='ltr'>oum</span> <span class='ocrx_word' id='word_1_44' title='bbox 324 1085 484 1159; x_wconf 78' lang='lat' dir='ltr'>uxoribus</span> <span class='ocrx_word' id='word_1_45' title='bbox 502 1083 591 1157; x_wconf 88' lang='lat' dir='ltr'>alere</span> <span class='ocrx_word' id='word_1_46' title='bbox 603 1100 636 1157; x_wconf 94' lang='lat' dir='ltr'>et</span> <span class='ocrx_word' id='word_1_47' title='bbox 648 1084 800 1156; x_wconf 90' lang='lat' dir='ltr'>retinere.</span> <span class='ocrx_word' id='word_1_48' title='bbox 824 1083 935 1169; x_wconf 82' lang='lat' dir='ltr'>Quare</span> <span class='ocrx_word' id='word_1_49' title='bbox 952 1097 989 1154; x_wconf 90' lang='lat' dir='ltr'>ut</span> <span class='ocrx_word' id='word_1_50' title='bbox 1006 1097 1100 1155; x_wconf 91' lang='lat' dir='ltr'>tanto</span> <span class='ocrx_word' id='word_1_51' title='bbox 1118 1081 1205 1156; x_wconf 92' lang='lat' dir='ltr'>malo</span> <span class='ocrx_word' id='word_1_52' title='bbox 1224 1097 1344 1155; x_wconf 88' lang='lat' dir='ltr'>sancta</span> 
     </span>
     <span class='ocr_line' id='line_1_8' title="bbox 230 1196 1345 1300; baseline -0.004 -28"><span class='ocrx_word' id='word_1_53' title='bbox 230 1201 380 1300; x_wconf 85' lang='lat' dir='ltr'>synodus</span> <span class='ocrx_word' id='word_1_54' title='bbox 406 1199 601 1298; x_wconf 87' lang='lat' dir='ltr'>opportunis</span> <span class='ocrx_word' id='word_1_55' title='bbox 628 1199 784 1272; x_wconf 82' lang='lat' dir='ltr'>remediis</span> <span class='ocrx_word' id='word_1_56' title='bbox 811 1197 1001 1295; x_wconf 87' lang='lat' dir='ltr'>provideat,</span> <span class='ocrx_word' id='word_1_57' title='bbox 1024 1197 1139 1270; x_wconf 80' lang='lat' dir='ltr'>statuit</span> <span class='ocrx_word' id='word_1_58' title='bbox 1157 1196 1345 1268; x_wconf 78' lang='lat' dir='ltr'>huiusmodi</span> 
     </span>
     <span class='ocr_line' id='line_1_9' title="bbox 230 1311 1343 1413; baseline -0.002 -27"><span class='ocrx_word' id='word_1_59' title='bbox 230 1316 474 1387; x_wconf 77' lang='lat' dir='ltr'>concubinarios</span> <span class='ocrx_word' id='word_1_60' title='bbox 499 1330 566 1387; x_wconf 86' lang='lat' dir='ltr'>tam</span> <span class='ocrx_word' id='word_1_61' title='bbox 592 1312 719 1387; x_wconf 91' lang='lat' dir='ltr'>solutos</span> <span class='ocrx_word' id='word_1_62' title='bbox 754 1339 856 1413; x_wconf 90' lang='lat' dir='ltr'>quam</span> <span class='ocrx_word' id='word_1_63' title='bbox 889 1327 1068 1397; x_wconf 87' lang='lat' dir='ltr'>uxoratos,</span> <span class='ocrx_word' id='word_1_64' title='bbox 1099 1311 1343 1410; x_wconf 87' lang='lat' dir='ltr'>cuiuscumque</span> 
     </span>
     <span class='ocr_line' id='line_1_10' title="bbox 229 1425 1342 1525; baseline -0.003 -24"><span class='ocrx_word' id='word_1_65' title='bbox 229 1438 356 1515; x_wconf 78' lang='lat' dir='ltr'>status,</span> <span class='ocrx_word' id='word_1_66' title='bbox 384 1429 557 1525; x_wconf 83' lang='lat' dir='ltr'>dignitatis</span> <span class='ocrx_word' id='word_1_67' title='bbox 583 1445 615 1501; x_wconf 88' lang='lat' dir='ltr'>et</span> <span class='ocrx_word' id='word_1_68' title='bbox 639 1426 840 1501; x_wconf 89' lang='lat' dir='ltr'>conditionis</span> <span class='ocrx_word' id='word_1_69' title='bbox 865 1427 1029 1514; x_wconf 84' lang='lat' dir='ltr'>existant,</span> <span class='ocrx_word' id='word_1_70' title='bbox 1052 1425 1082 1499; x_wconf 92' lang='lat' dir='ltr'>si</span> <span class='ocrx_word' id='word_1_71' title='bbox 1100 1441 1281 1525; x_wconf 90' lang='lat' dir='ltr'>postquam</span> <span class='ocrx_word' id='word_1_72' title='bbox 1299 1425 1342 1498; x_wconf 91' lang='lat' dir='ltr'>ab</span> 
     </span>
     <span class='ocr_line' id='line_1_11' title="bbox 229 1541 1339 1629; baseline -0.003 -14"><span class='ocrx_word' id='word_1_73' title='bbox 229 1542 415 1629; x_wconf 91' lang='lat' dir='ltr'>ordinario,</span> <span class='ocrx_word' id='word_1_74' title='bbox 444 1543 544 1615; x_wconf 89' lang='lat' dir='ltr'>etiam</span> <span class='ocrx_word' id='word_1_75' title='bbox 570 1568 610 1615; x_wconf 85' lang='lat' dir='ltr'>ex</span> <span class='ocrx_word' id='word_1_76' title='bbox 636 1541 764 1628; x_wconf 86' lang='lat' dir='ltr'>officio,</span> <span class='ocrx_word' id='word_1_77' title='bbox 786 1558 835 1614; x_wconf 90' lang='lat' dir='ltr'>ter</span> <span class='ocrx_word' id='word_1_78' title='bbox 852 1541 1014 1615; x_wconf 90' lang='lat' dir='ltr'>admoniti</span> <span class='ocrx_word' id='word_1_79' title='bbox 1032 1567 1072 1613; x_wconf 91' lang='lat' dir='ltr'>ea</span> <span class='ocrx_word' id='word_1_80' title='bbox 1087 1541 1131 1613; x_wconf 88' lang='lat' dir='ltr'>de</span> <span class='ocrx_word' id='word_1_81' title='bbox 1149 1567 1185 1614; x_wconf 90' lang='lat' dir='ltr'>re</span> <span class='ocrx_word' id='word_1_82' title='bbox 1202 1541 1339 1626; x_wconf 87' lang='lat' dir='ltr'>luerint,</span> 
     </span>
     <span class='ocr_line' id='line_1_12' title="bbox 229 1655 1343 1755; baseline -0.003 -25"><span class='ocrx_word' id='word_1_83' title='bbox 229 1657 435 1731; x_wconf 89' lang='lat' dir='ltr'>concubinas</span> <span class='ocrx_word' id='word_1_84' title='bbox 461 1685 528 1732; x_wconf 90' lang='lat' dir='ltr'>nou</span> <span class='ocrx_word' id='word_1_85' title='bbox 553 1656 730 1743; x_wconf 88' lang='lat' dir='ltr'>eiecerint,</span> <span class='ocrx_word' id='word_1_86' title='bbox 760 1682 864 1755; x_wconf 91' lang='lat' dir='ltr'>seque</span> <span class='ocrx_word' id='word_1_87' title='bbox 890 1657 932 1729; x_wconf 93' lang='lat' dir='ltr'>ab</span> <span class='ocrx_word' id='word_1_88' title='bbox 950 1683 1075 1731; x_wconf 88' lang='lat' dir='ltr'>earum</span> <span class='ocrx_word' id='word_1_89' title='bbox 1100 1655 1343 1729; x_wconf 88' lang='lat' dir='ltr'>consuetudine</span> 
     </span>
     <span class='ocr_line' id='line_1_13' title="bbox 228 1771 1343 1868; baseline -0.001 -25"><span class='ocrx_word' id='word_1_90' title='bbox 228 1798 294 1846; x_wconf 89' lang='lat' dir='ltr'>non</span> <span class='ocrx_word' id='word_1_91' title='bbox 321 1772 537 1858; x_wconf 81' lang='lat' dir='ltr'>seiunxerint,</span> <span class='ocrx_word' id='word_1_92' title='bbox 568 1772 894 1843; x_wconf 78' lang='lat' dir='ltr'>encommocicctiocc</span> <span class='ocrx_word' id='word_1_93' title='bbox 919 1771 1086 1845; x_wconf 85' lang='lat' dir='ltr'>feriendos</span> <span class='ocrx_word' id='word_1_94' title='bbox 1111 1796 1206 1856; x_wconf 88' lang='lat' dir='ltr'>esse,</span> <span class='ocrx_word' id='word_1_95' title='bbox 1227 1796 1248 1842; x_wconf 93' lang='lat' dir='ltr'>a</span> <span class='ocrx_word' id='word_1_96' title='bbox 1273 1797 1343 1868; x_wconf 90' lang='lat' dir='ltr'>qua</span> 
     </span>
     <span class='ocr_line' id='line_1_14' title="bbox 228 1885 1337 1985; baseline -0.002 -27"><span class='ocrx_word' id='word_1_97' title='bbox 228 1913 294 1966; x_wconf 89' lang='lat' dir='ltr'>non</span> <span class='ocrx_word' id='word_1_98' title='bbox 308 1887 537 1974; x_wconf 84' lang='lat' dir='ltr'>absolvantur,</span> <span class='ocrx_word' id='word_1_99' title='bbox 547 1887 660 1960; x_wconf 72' lang='lat' dir='ltr'>&#39;donec</span> <span class='ocrx_word' id='word_1_100' title='bbox 673 1887 787 1985; x_wconf 89' lang='lat' dir='ltr'>reipsa</span> <span class='ocrx_word' id='word_1_101' title='bbox 799 1886 1019 1960; x_wconf 89' lang='lat' dir='ltr'>admonitioni</span> <span class='ocrx_word' id='word_1_102' title='bbox 1033 1887 1139 1959; x_wconf 85' lang='lat' dir='ltr'>laetae</span> <span class='ocrx_word' id='word_1_103' title='bbox 1153 1885 1337 1983; x_wconf 87' lang='lat' dir='ltr'>paruerint.</span> 
     </span>
     <span class='ocr_line' id='line_1_15' title="bbox 228 1998 1342 2100; baseline -0.002 -26"><span class='ocrx_word' id='word_1_104' title='bbox 228 2001 371 2088; x_wconf 84' lang='lat' dir='ltr'>Quodsi</span> <span class='ocrx_word' id='word_1_105' title='bbox 388 2002 423 2072; x_wconf 78' lang='lat' dir='ltr'>in‘</span> <span class='ocrx_word' id='word_1_106' title='bbox 440 2001 666 2075; x_wconf 88' lang='lat' dir='ltr'>concubinatu</span> <span class='ocrx_word' id='word_1_107' title='bbox 683 2027 885 2100; x_wconf 89' lang='lat' dir='ltr'>perannum</span> <span class='ocrx_word' id='word_1_108' title='bbox 911 2001 1062 2074; x_wconf 88' lang='lat' dir='ltr'>censuris</span> <span class='ocrx_word' id='word_1_109' title='bbox 1089 1998 1250 2097; x_wconf 75' lang='lat' dir='ltr'>neglectis</span> <span class='ocrx_word' id='word_1_110' title='bbox 1269 2026 1342 2099; x_wconf 92' lang='lat' dir='ltr'>per·</span> 
     </span>
     <span class='ocr_line' id='line_1_16' title="bbox 181 2103 1343 2216; baseline 0.003 -32"><span class='ocrx_word' id='word_1_111' title='bbox 181 2173 186 2184; x_wconf 92' lang='lat'>.</span> <span class='ocrx_word' id='word_1_112' title='bbox 227 2103 428 2204; x_wconf 84' lang='lat' dir='ltr'>manserint,</span> <span class='ocrx_word' id='word_1_113' title='bbox 453 2132 569 2190; x_wconf 88' lang='lat' dir='ltr'>contra</span> <span class='ocrx_word' id='word_1_114' title='bbox 589 2142 647 2189; x_wconf 89' lang='lat' dir='ltr'>eos</span> <span class='ocrx_word' id='word_1_115' title='bbox 673 2143 733 2216; x_wconf 91' lang='lat' dir='ltr'>per</span> <span class='ocrx_word' id='word_1_116' title='bbox 758 2117 946 2190; x_wconf 90' lang='lat' dir='ltr'>ordinarios</span> <span class='ocrx_word' id='word_1_117' title='bbox 968 2142 1082 2189; x_wconf 84' lang='lat' dir='ltr'>severe</span> <span class='ocrx_word' id='word_1_118' title='bbox 1100 2141 1160 2214; x_wconf 89' lang='lat' dir='ltr'>pro</span> <span class='ocrx_word' id='word_1_119' title='bbox 1178 2113 1343 2214; x_wconf 84' lang='lat' dir='ltr'>qualitate</span> 
     </span>
     <span class='ocr_line' id='line_1_17' title="bbox 226 2229 1342 2330; baseline -0.004 -24"><span class='ocrx_word' id='word_1_120' title='bbox 226 2231 378 2306; x_wconf 91' lang='lat' dir='ltr'>criminis</span> <span class='ocrx_word' id='word_1_121' title='bbox 403 2232 633 2330; x_wconf 68' lang='lat' dir='ltr'>procedatur;‘</span> <span class='ocrx_word' id='word_1_122' title='bbox 652 2231 809 2304; x_wconf 86' lang='lat' dir='ltr'>mulieres</span> <span class='ocrx_word' id='word_1_123' title='bbox 836 2231 908 2305; x_wconf 88' lang='lat' dir='ltr'>sive</span> <span class='ocrx_word' id='word_1_124' title='bbox 932 2230 1145 2326; x_wconf 79' lang='lat' dir='ltr'>coniugatus,</span> <span class='ocrx_word' id='word_1_125' title='bbox 1180 2229 1266 2310; x_wconf 57' lang='lat' dir='ltr'>sive,</span> <span class='ocrx_word' id='word_1_126' title='bbox 1286 2255 1342 2302; x_wconf 89' lang='lat' dir='ltr'>so-</span> 
     </span>
     <span class='ocr_line' id='line_1_18' title="bbox 226 2343 1342 2447; baseline -0.002 -29"><span class='ocrx_word' id='word_1_127' title='bbox 226 2347 340 2436; x_wconf 89' lang='lat' dir='ltr'>lutae,</span> <span class='ocrx_word' id='word_1_128' title='bbox 369 2373 455 2447; x_wconf 92' lang='lat' dir='ltr'>quae</span> <span class='ocrx_word' id='word_1_129' title='bbox 480 2361 556 2420; x_wconf 87' lang='lat' dir='ltr'>cum</span> <span class='ocrx_word' id='word_1_130' title='bbox 582 2345 757 2434; x_wconf 91' lang='lat' dir='ltr'>adulteris,</span> <span class='ocrx_word' id='word_1_131' title='bbox 780 2372 840 2418; x_wconf 91' lang='lat' dir='ltr'>seu</span> <span class='ocrx_word' id='word_1_132' title='bbox 858 2344 1105 2419; x_wconf 88' lang='lat' dir='ltr'>concubinariis</span> <span class='ocrx_word' id='word_1_133' title='bbox 1131 2343 1267 2442; x_wconf 88' lang='lat' dir='ltr'>publice</span> <span class='ocrx_word' id='word_1_134' title='bbox 1292 2345 1342 2418; x_wconf 81' lang='lat' dir='ltr'>ui-</span> 
     </span>
     <span class='ocr_line' id='line_1_19' title="bbox 225 2458 1342 2559; baseline 0 -25"><span class='ocrx_word' id='word_1_135' title='bbox 225 2478 321 2546; x_wconf 80' lang='lat' dir='ltr'>uunt,</span> <span class='ocrx_word' id='word_1_136' title='bbox 345 2461 375 2534; x_wconf 93' lang='lat' dir='ltr'>si</span> <span class='ocrx_word' id='word_1_137' title='bbox 394 2477 443 2534; x_wconf 90' lang='lat' dir='ltr'>ter</span> <span class='ocrx_word' id='word_1_138' title='bbox 460 2461 651 2539; x_wconf 88' lang='lat' dir='ltr'>admonitae</span> <span class='ocrx_word' id='word_1_139' title='bbox 677 2488 742 2534; x_wconf 90' lang='lat' dir='ltr'>nou</span> <span class='ocrx_word' id='word_1_140' title='bbox 770 2461 956 2559; x_wconf 88' lang='lat' dir='ltr'>paruerint,</span> <span class='ocrx_word' id='word_1_141' title='bbox 986 2459 1225 2533; x_wconf 90' lang='lat' dir='ltr'>abordinario</span> <span class='ocrx_word' id='word_1_142' title='bbox 1250 2458 1342 2534; x_wconf 87' lang='lat' dir='ltr'>loco-</span> 
     </span>
     <span class='ocr_line' id='line_1_20' title="bbox 225 2573 1341 2674; baseline 0.001 -27"><span class='ocrx_word' id='word_1_143' title='bbox 225 2601 319 2662; x_wconf 92' lang='lat' dir='ltr'>rum,</span> <span class='ocrx_word' id='word_1_144' title='bbox 349 2573 440 2648; x_wconf 93' lang='lat' dir='ltr'>nullo</span> <span class='ocrx_word' id='word_1_145' title='bbox 468 2575 567 2648; x_wconf 89' lang='lat' dir='ltr'>etiam</span> <span class='ocrx_word' id='word_1_146' title='bbox 594 2575 798 2674; x_wconf 85' lang='lat' dir='ltr'>requirente,</span> <span class='ocrx_word' id='word_1_147' title='bbox 818 2602 858 2648; x_wconf 82' lang='lat' dir='ltr'>ex</span> <span class='ocrx_word' id='word_1_148' title='bbox 876 2575 989 2648; x_wconf 89' lang='lat' dir='ltr'>olficio</span> <span class='ocrx_word' id='word_1_149' title='bbox 1014 2574 1138 2674; x_wconf 86' lang='lat' dir='ltr'>pariter</span> <span class='ocrx_word' id='word_1_150' title='bbox 1157 2600 1217 2673; x_wconf 90' lang='lat' dir='ltr'>pro</span> <span class='ocrx_word' id='word_1_151' title='bbox 1239 2574 1341 2651; x_wconf 85' lang='lat' dir='ltr'>modo</span> 
     </span>
     <span class='ocr_line' id='line_1_21' title="bbox 225 2687 1339 2788; baseline 0 -27"><span class='ocrx_word' id='word_1_152' title='bbox 225 2687 345 2786; x_wconf 89' lang='lat' dir='ltr'>culpae</span> <span class='ocrx_word' id='word_1_153' title='bbox 370 2689 570 2786; x_wconf 91' lang='lat' dir='ltr'>puniantur,</span> <span class='ocrx_word' id='word_1_154' title='bbox 599 2704 632 2762; x_wconf 87' lang='lat' dir='ltr'>st</span> <span class='ocrx_word' id='word_1_155' title='bbox 656 2705 751 2762; x_wconf 85' lang='lat' dir='ltr'>extra</span> <span class='ocrx_word' id='word_1_156' title='bbox 775 2689 963 2788; x_wconf 90' lang='lat' dir='ltr'>oppidum,</span> <span class='ocrx_word' id='word_1_157' title='bbox 991 2690 1044 2764; x_wconf 84' lang='lat' dir='ltr'>vel</span> <span class='ocrx_word' id='word_1_158' title='bbox 1071 2690 1282 2778; x_wconf 88' lang='lat' dir='ltr'>dioecesim,</span> <span class='ocrx_word' id='word_1_159' title='bbox 1310 2691 1339 2762; x_wconf 90' lang='lat' dir='ltr'>si</span> 
     </span>
     <span class='ocr_line' id='line_1_22' title="bbox 224 2802 1337 2903; baseline 0.004 -30"><span class='ocrx_word' id='word_1_160' title='bbox 224 2802 259 2874; x_wconf 91' lang='lat' dir='ltr'>id</span> <span class='ocrx_word' id='word_1_161' title='bbox 285 2803 412 2875; x_wconf 90' lang='lat' dir='ltr'>eisdem</span> <span class='ocrx_word' id='word_1_162' title='bbox 433 2803 613 2876; x_wconf 89' lang='lat' dir='ltr'>ordinariis</span> <span class='ocrx_word' id='word_1_163' title='bbox 637 2803 824 2891; x_wconf 85' lang='lat' dir='ltr'>videbitur,</span> <span class='ocrx_word' id='word_1_164' title='bbox 854 2804 1021 2892; x_wconf 88' lang='lat' dir='ltr'>invocato,</span> <span class='ocrx_word' id='word_1_165' title='bbox 1050 2805 1080 2878; x_wconf 92' lang='lat' dir='ltr'>si</span> <span class='ocrx_word' id='word_1_166' title='bbox 1105 2829 1191 2903; x_wconf 91' lang='lat' dir='ltr'>opus</span> <span class='ocrx_word' id='word_1_167' title='bbox 1217 2804 1337 2892; x_wconf 88' lang='lat' dir='ltr'>luerit,</span> 
     </span>
     <span class='ocr_line' id='line_1_23' title="bbox 224 2916 1340 3018; baseline 0.003 -29"><span class='ocrx_word' id='word_1_168' title='bbox 224 2916 363 3000; x_wconf 87' lang='lat' dir='ltr'>brachio</span> <span class='ocrx_word' id='word_1_169' title='bbox 390 2916 553 3005; x_wconf 85' lang='lat' dir='ltr'>seculari,</span> <span class='ocrx_word' id='word_1_170' title='bbox 570 2918 780 3005; x_wconf 84' lang='lat' dir='ltr'>¹eiiciantur,</span> <span class='ocrx_word' id='word_1_171' title='bbox 803 2918 880 2993; x_wconf 89' lang='lat' dir='ltr'>aliis</span> <span class='ocrx_word' id='word_1_172' title='bbox 898 2919 1017 3018; x_wconf 88' lang='lat' dir='ltr'>poenis</span> <span class='ocrx_word' id='word_1_173' title='bbox 1034 2934 1150 2993; x_wconf 90' lang='lat' dir='ltr'>contra</span> <span class='ocrx_word' id='word_1_174' title='bbox 1168 2918 1340 2992; x_wconf 89' lang='lat' dir='ltr'>adulteros</span> 
     </span>
     <span class='ocr_line' id='line_1_24' title="bbox 224 3031 1337 3133; baseline -0.005 -23"><span class='ocrx_word' id='word_1_175' title='bbox 224 3049 257 3110; x_wconf 84' lang='lat' dir='ltr'>et</span> <span class='ocrx_word' id='word_1_176' title='bbox 266 3034 523 3109; x_wconf 85' lang='lat' dir='ltr'>concubinarios</span> <span class='ocrx_word' id='word_1_177' title='bbox 538 3033 673 3108; x_wconf 89' lang='lat' dir='ltr'>inflictis</span> <span class='ocrx_word' id='word_1_178' title='bbox 688 3034 722 3106; x_wconf 91' lang='lat' dir='ltr'>in</span> <span class='ocrx_word' id='word_1_179' title='bbox 736 3031 797 3108; x_wconf 87' lang='lat' dir='ltr'>suo</span> <span class='ocrx_word' id='word_1_180' title='bbox 807 3034 926 3107; x_wconf 87' lang='lat' dir='ltr'>robore</span> <span class='ocrx_word' id='word_1_181' title='bbox 939 3033 1211 3133; x_wconf 84' lang='lat' dir='ltr'>permanantibus</span> <span class='ocrx_word' id='word_1_182' title='bbox 1222 3035 1294 3130; x_wconf 79' lang='lat'>(12)</span> <span class='ocrx_word' id='word_1_183' title='bbox 1304 3064 1337 3104; x_wconf 86' lang='lat'>.»</span> 
     </span>
    </p>

    <p class='ocr_par' dir='ltr' id='par_1_3' title="bbox 208 3147 1341 4282">
     <span class='ocr_line' id='line_1_25' title="bbox 295 3147 1339 3246; baseline -0.001 -27"><span class='ocrx_word' id='word_1_184' title='bbox 295 3149 344 3220; x_wconf 85' lang='lat' dir='ltr'>Ex</span> <span class='ocrx_word' id='word_1_185' title='bbox 371 3149 511 3222; x_wconf 90' lang='lat' dir='ltr'>istorum</span> <span class='ocrx_word' id='word_1_186' title='bbox 524 3167 527 3175; x_wconf 81' lang='grc'>’</span> <span class='ocrx_word' id='word_1_187' title='bbox 542 3147 760 3222; x_wconf 87' lang='lat' dir='ltr'>conciliorum</span> <span class='ocrx_word' id='word_1_188' title='bbox 792 3148 935 3240; x_wconf 84' lang='lat' dir='ltr'>decretis</span> <span class='ocrx_word' id='word_1_189' title='bbox 962 3162 1054 3246; x_wconf 89' lang='lat' dir='ltr'>patet</span> <span class='ocrx_word' id='word_1_190' title='bbox 1077 3147 1230 3246; x_wconf 90' lang='lat' dir='ltr'>publicos</span> <span class='ocrx_word' id='word_1_191' title='bbox 1250 3168 1339 3222; x_wconf 75' lang='lat' dir='ltr'>&#39;cou-</span> 
     </span>
     <span class='ocr_line' id='line_1_26' title="bbox 224 3260 1337 3361; baseline 0.004 -29"><span class='ocrx_word' id='word_1_192' title='bbox 224 3260 416 3334; x_wconf 90' lang='lat' dir='ltr'>cubinarios</span> <span class='ocrx_word' id='word_1_193' title='bbox 435 3288 501 3335; x_wconf 87' lang='lat' dir='ltr'>non</span> <span class='ocrx_word' id='word_1_194' title='bbox 520 3262 630 3337; x_wconf 90' lang='lat' dir='ltr'>solum</span> <span class='ocrx_word' id='word_1_195' title='bbox 647 3261 747 3360; x_wconf 88' lang='lat' dir='ltr'>plecti</span> <span class='ocrx_word' id='word_1_196' title='bbox 766 3288 866 3361; x_wconf 88' lang='lat' dir='ltr'>posse</span> <span class='ocrx_word' id='word_1_197' title='bbox 884 3281 923 3335; x_wconf 91' lang='lat' dir='ltr'>ac</span> <span class='ocrx_word' id='word_1_198' title='bbox 940 3263 1062 3336; x_wconf 88' lang='lat' dir='ltr'>debere</span> <span class='ocrx_word' id='word_1_199' title='bbox 1080 3262 1123 3334; x_wconf 90' lang='lat' dir='ltr'>ab</span> <span class='ocrx_word' id='word_1_200' title='bbox 1145 3261 1337 3349; x_wconf 85' lang='lat' dir='ltr'>ordinarie,</span> 
     </span>
     <span class='ocr_line' id='line_1_27' title="bbox 224 3376 1339 3477; baseline 0.001 -29"><span class='ocrx_word' id='word_1_201' title='bbox 224 3401 284 3448; x_wconf 90' lang='lat' dir='ltr'>seu</span> <span class='ocrx_word' id='word_1_202' title='bbox 306 3377 470 3475; x_wconf 70' lang='lat' dir='ltr'>vepiscopo</span> <span class='ocrx_word' id='word_1_203' title='bbox 502 3376 568 3451; x_wconf 94' lang='lat' dir='ltr'>loci</span> <span class='ocrx_word' id='word_1_204' title='bbox 599 3377 953 3471; x_wconf 87' lang='lat' dir='ltr'>excommunicationis</span> <span class='ocrx_word' id='word_1_205' title='bbox 979 3404 1085 3477; x_wconf 87' lang='lat' dir='ltr'>poena</span> <span class='ocrx_word' id='word_1_206' title='bbox 1111 3394 1188 3477; x_wconf 88' lang='lat' dir='ltr'>post</span> <span class='ocrx_word' id='word_1_207' title='bbox 1213 3377 1339 3450; x_wconf 88' lang='lat' dir='ltr'>trinam</span> 
     </span>
     <span class='ocr_line' id='line_1_28' title="bbox 224 3490 1341 3591; baseline 0.002 -27"><span class='ocrx_word' id='word_1_208' title='bbox 224 3490 503 3578; x_wconf 89' lang='lat' dir='ltr'>admonitionem,</span> <span class='ocrx_word' id='word_1_209' title='bbox 534 3493 594 3566; x_wconf 87' lang='lat' dir='ltr'>sed</span> <span class='ocrx_word' id='word_1_210' title='bbox 620 3492 809 3591; x_wconf 91' lang='lat' dir='ltr'>puniendos</span> <span class='ocrx_word' id='word_1_211' title='bbox 835 3508 1007 3591; x_wconf 88' lang='lat' dir='ltr'>praeterea</span> <span class='ocrx_word' id='word_1_212' title='bbox 1032 3519 1109 3567; x_wconf 88' lang='lat' dir='ltr'>esse</span> <span class='ocrx_word' id='word_1_213' title='bbox 1134 3518 1251 3564; x_wconf 87' lang='lat' dir='ltr'>severe</span> <span class='ocrx_word' id='word_1_214' title='bbox 1275 3518 1341 3591; x_wconf 92' lang='lat' dir='ltr'>pro</span> 
     </span>
     <span class='ocr_line' id='line_1_29' title="bbox 222 3605 1340 3706; baseline 0.001 -27"><span class='ocrx_word' id='word_1_215' title='bbox 222 3605 384 3706; x_wconf 91' lang='lat' dir='ltr'>qualitate</span> <span class='ocrx_word' id='word_1_216' title='bbox 409 3607 559 3680; x_wconf 92' lang='lat' dir='ltr'>criminis</span> <span class='ocrx_word' id='word_1_217' title='bbox 586 3608 628 3680; x_wconf 90' lang='lat' dir='ltr'>ad</span> <span class='ocrx_word' id='word_1_218' title='bbox 654 3609 814 3680; x_wconf 89' lang='lat' dir='ltr'>ordinarii</span> <span class='ocrx_word' id='word_1_219' title='bbox 843 3608 1035 3695; x_wconf 88' lang='lat' dir='ltr'>arbitrium;</span> <span class='ocrx_word' id='word_1_220' title='bbox 1061 3635 1128 3682; x_wconf 90' lang='lat' dir='ltr'>nou</span> <span class='ocrx_word' id='word_1_221' title='bbox 1154 3608 1254 3682; x_wconf 90' lang='lat' dir='ltr'>modo</span> <span class='ocrx_word' id='word_1_222' title='bbox 1279 3635 1340 3680; x_wconf 87' lang='lat' dir='ltr'>ex-</span> 
     </span>
     <span class='ocr_line' id='line_1_30' title="bbox 222 3721 1340 3823; baseline -0.002 -27"><span class='ocrx_word' id='word_1_223' title='bbox 222 3721 395 3822; x_wconf 91' lang='lat' dir='ltr'>pellendas</span> <span class='ocrx_word' id='word_1_224' title='bbox 422 3723 465 3795; x_wconf 93' lang='lat' dir='ltr'>ab</span> <span class='ocrx_word' id='word_1_225' title='bbox 490 3723 631 3823; x_wconf 91' lang='lat' dir='ltr'>oppido,</span> <span class='ocrx_word' id='word_1_226' title='bbox 652 3739 711 3796; x_wconf 89' lang='lat' dir='ltr'>aut</span> <span class='ocrx_word' id='word_1_227' title='bbox 735 3723 879 3797; x_wconf 88' lang='lat' dir='ltr'>dioecesi</span> <span class='ocrx_word' id='word_1_228' title='bbox 906 3722 1129 3810; x_wconf 88' lang='lat' dir='ltr'>concubinas,</span> <span class='ocrx_word' id='word_1_229' title='bbox 1152 3722 1181 3797; x_wconf 88' lang='lat' dir='ltr'>si</span> <span class='ocrx_word' id='word_1_230' title='bbox 1200 3722 1247 3795; x_wconf 85' lang='lat' dir='ltr'>ita</span> <span class='ocrx_word' id='word_1_231' title='bbox 1264 3724 1340 3821; x_wconf 91' lang='lat' dir='ltr'>epi-</span> 
     </span>
     <span class='ocr_line' id='line_1_31' title="bbox 223 3836 1340 3938; baseline -0.001 -26"><span class='ocrx_word' id='word_1_232' title='bbox 223 3863 325 3938; x_wconf 88' lang='lat' dir='ltr'>scopo</span> <span class='ocrx_word' id='word_1_233' title='bbox 341 3837 451 3911; x_wconf 84' lang='lat' dir='ltr'>visum</span> <span class='ocrx_word' id='word_1_234' title='bbox 468 3837 587 3925; x_wconf 86' lang='lat' dir='ltr'>luerit,</span> <span class='ocrx_word' id='word_1_235' title='bbox 601 3864 716 3911; x_wconf 84' lang='lat' dir='ltr'>verum</span> <span class='ocrx_word' id='word_1_236' title='bbox 734 3838 833 3912; x_wconf 90' lang='lat' dir='ltr'>etiam</span> <span class='ocrx_word' id='word_1_237' title='bbox 852 3836 928 3911; x_wconf 89' lang='lat' dir='ltr'>aliis</span> <span class='ocrx_word' id='word_1_238' title='bbox 946 3838 1068 3912; x_wconf 89' lang='lat' dir='ltr'>subiici</span> <span class='ocrx_word' id='word_1_239' title='bbox 1086 3839 1227 3938; x_wconf 90' lang='lat' dir='ltr'>poenis,</span> <span class='ocrx_word' id='word_1_240' title='bbox 1249 3865 1340 3937; x_wconf 89' lang='lat' dir='ltr'>quae</span> 
     </span>
     <span class='ocr_line' id='line_1_32' title="bbox 222 3953 1338 4054; baseline 0 -29"><span class='ocrx_word' id='word_1_241' title='bbox 222 3953 329 4026; x_wconf 88' lang='lat' dir='ltr'>aiure</span> <span class='ocrx_word' id='word_1_242' title='bbox 343 3979 403 4052; x_wconf 90' lang='lat' dir='ltr'>por</span> <span class='ocrx_word' id='word_1_243' title='bbox 414 3979 560 4026; x_wconf 90' lang='lat' dir='ltr'>canones</span> <span class='ocrx_word' id='word_1_244' title='bbox 573 3954 774 4026; x_wconf 89' lang='lat' dir='ltr'>constitutae</span> <span class='ocrx_word' id='word_1_245' title='bbox 787 3970 876 4026; x_wconf 88' lang='lat' dir='ltr'>sunt.</span> <span class='ocrx_word' id='word_1_246' title='bbox 891 3955 960 4027; x_wconf 89' lang='lat' dir='ltr'>Has</span> <span class='ocrx_word' id='word_1_247' title='bbox 978 3953 1066 4048; x_wconf 89' lang='lat' dir='ltr'>inter</span> <span class='ocrx_word' id='word_1_248' title='bbox 1082 3978 1209 4054; x_wconf 90' lang='lat' dir='ltr'>poenas</span> <span class='ocrx_word' id='word_1_249' title='bbox 1224 3969 1338 4025; x_wconf 90' lang='lat' dir='ltr'>autem</span> 
     </span>
     <span class='ocr_line' id='line_1_33' title="bbox 221 4063 1340 4169; baseline -0.002 -27"><span class='ocrx_word' id='word_1_250' title='bbox 221 4068 328 4142; x_wconf 83' lang='lat' dir='ltr'>stilla</span> <span class='ocrx_word' id='word_1_251' title='bbox 345 4063 537 4141; x_wconf 85' lang='lat' dir='ltr'>recensetur</span> <span class='ocrx_word' id='word_1_252' title='bbox 552 4068 595 4140; x_wconf 95' lang='lat' dir='ltr'>de</span> <span class='ocrx_word' id='word_1_253' title='bbox 613 4067 749 4167; x_wconf 91' lang='lat' dir='ltr'>publica</span> <span class='ocrx_word' id='word_1_254' title='bbox 766 4069 917 4156; x_wconf 81' lang='lat' dir='ltr'>infamia,</span> <span class='ocrx_word' id='word_1_255' title='bbox 948 4095 1051 4169; x_wconf 88' lang='lat' dir='ltr'>quam</span> <span class='ocrx_word' id='word_1_256' title='bbox 1071 4067 1237 4142; x_wconf 88' lang='lat' dir='ltr'>eiusmodi</span> <span class='ocrx_word' id='word_1_257' title='bbox 1257 4095 1340 4142; x_wconf 90' lang='lat' dir='ltr'>con-</span> 
     </span>
     <span class='ocr_line' id='line_1_34' title="bbox 208 4172 1341 4282; baseline 0.001 -25"><span class='ocrx_word' id='word_1_258' title='bbox 208 4172 386 4257; x_wconf 64' lang='lat' dir='ltr'>‘cubinarli</span> <span class='ocrx_word' id='word_1_259' title='bbox 405 4184 596 4271; x_wconf 91' lang='lat' dir='ltr'>incurrunt;</span> <span class='ocrx_word' id='word_1_260' title='bbox 619 4183 665 4258; x_wconf 86' lang='lat' dir='ltr'>ita</span> <span class='ocrx_word' id='word_1_261' title='bbox 681 4200 719 4257; x_wconf 90' lang='lat' dir='ltr'>ut</span> <span class='ocrx_word' id='word_1_262' title='bbox 735 4184 801 4282; x_wconf 92' lang='lat' dir='ltr'>ipsi</span> <span class='ocrx_word' id='word_1_263' title='bbox 823 4183 888 4257; x_wconf 92' lang='lat' dir='ltr'>hac</span> <span class='ocrx_word' id='word_1_264' title='bbox 913 4184 1050 4258; x_wconf 82' lang='lat' dir='ltr'>infamia</span> <span class='ocrx_word' id='word_1_265' title='bbox 1076 4183 1208 4258; x_wconf 92' lang='lat' dir='ltr'>multati</span> <span class='ocrx_word' id='word_1_266' title='bbox 1226 4183 1341 4258; x_wconf 81' lang='lat' dir='ltr'>alono</span> 
     </span>
    </p>
   </div>
   <div class='ocr_carea' id='block_1_3' title="bbox 295 4310 919 4425">
    <p class='ocr_par' dir='ltr' id='par_1_4' title="bbox 295 4310 919 4425">
     <span class='ocr_line' id='line_1_35' title="bbox 295 4310 919 4425; baseline 0.002 -30"><span class='ocrx_word' id='word_1_267' title='bbox 295 4341 344 4405; x_wconf 72' lang='lat' dir='ltr'>lta)</span> <span class='ocrx_word' id='word_1_268' title='bbox 360 4344 426 4394; x_wconf 84' lang='lat' dir='ltr'>sess.</span> <span class='ocrx_word' id='word_1_269' title='bbox 437 4310 524 4396; x_wconf 59' lang='lat' dir='ltr'>dxlv.</span> <span class='ocrx_word' id='word_1_270' title='bbox 539 4347 576 4395; x_wconf 80' lang='lat' dir='ltr'>Dc</span> <span class='ocrx_word' id='word_1_271' title='bbox 585 4342 693 4406; x_wconf 79' lang='lat' dir='ltr'>reform.</span> <span class='ocrx_word' id='word_1_272' title='bbox 702 4345 819 4396; x_wconf 79' lang='lat' dir='ltr'>mutrtm.</span> <span class='ocrx_word' id='word_1_273' title='bbox 830 4355 883 4425; x_wconf 83' lang='lat' dir='ltr'>cap.</span> <span class='ocrx_word' id='word_1_274' title='bbox 896 4351 919 4396; x_wconf 85' lang='lat' dir='ltr'>tt.</span> 
     </span>
    </p>
   </div>
   <div class='ocr_carea' id='block_1_4' title="bbox 0 0 1440 5062">
    <p class='ocr_par' dir='ltr' id='par_1_5' title="bbox 0 0 1440 5062">
     <span class='ocr_line' id='line_1_36' title="bbox 0 0 1440 5062; baseline 0 2"><span class='ocrx_word' id='word_1_275' title='bbox 0 0 1440 5062; x_wconf 95' lang='lat' dir='ltr'> </span> 
     </span>
    </p>
   </div>
  </div>
 </body>
</html>
