<?xml version="1.0" encoding="UTF-8"?>
<!DOCTYPE html PUBLIC "-//W3C//DTD XHTML 1.0 Transitional//EN"
    "http://www.w3.org/TR/xhtml1/DTD/xhtml1-transitional.dtd">
<html xmlns="http://www.w3.org/1999/xhtml" xml:lang="en" lang="en">
 <head>
  <title>
</title>
<meta http-equiv="Content-Type" content="text/html;charset=utf-8" />
  <meta name='ocr-system' content='tesseract 3.04.00' />
  <meta name='ocr-capabilities' content='ocr_page ocr_carea ocr_par ocr_line ocrx_word'/>
</head>
<body>
  <div class='ocr_page' id='page_1' title='image "./dematrimoniochr00perrgoog_0404.png"; bbox 0 0 2872 5062; ppageno 0'>
   <div class='ocr_carea' id='block_1_1' title="bbox 162 354 1268 432">
    <p class='ocr_par' dir='ltr' id='par_1_1' title="bbox 162 354 1268 432">
     <span class='ocr_line' id='line_1_1' title="bbox 162 354 1268 432; baseline 0.005 -11"><span class='ocrx_word' id='word_1_1' title='bbox 162 385 169 399; x_wconf 91' lang='lat'><strong>·</strong></span> <span class='ocrx_word' id='word_1_2' title='bbox 258 369 1120 432; x_wconf 69' lang='lat' dir='ltr'>muranaxrouu.rromcuunrmra.c1v.sunu.</span> <span class='ocrx_word' id='word_1_3' title='bbox 1200 354 1268 431; x_wconf 75' lang='lat'>385</span> 
     </span>
    </p>
   </div>
   <div class='ocr_carea' id='block_1_2' title="bbox 122 487 1340 4162">
    <p class='ocr_par' dir='ltr' id='par_1_2' title="bbox 156 487 1278 2431">
     <span class='ocr_line' id='line_1_2' title="bbox 232 487 1270 590; baseline 0.005 -30"><span class='ocrx_word' id='word_1_4' title='bbox 232 488 381 586; x_wconf 83' lang='lat' dir='ltr'>Insignis</span> <span class='ocrx_word' id='word_1_5' title='bbox 406 503 459 562; x_wconf 86' lang='lat' dir='ltr'>est</span> <span class='ocrx_word' id='word_1_6' title='bbox 483 487 618 562; x_wconf 90' lang='lat' dir='ltr'>libellus</span> <span class='ocrx_word' id='word_1_7' title='bbox 645 489 789 590; x_wconf 80' lang='lat' dir='ltr'><strong>supplex</strong></span> <span class='ocrx_word' id='word_1_8' title='bbox 805 516 825 562; x_wconf 93' lang='lat' dir='ltr'>a</span> <span class='ocrx_word' id='word_1_9' title='bbox 842 490 1117 567; x_wconf 80' lang='lat' dir='ltr'>massiliensibus</span> <span class='ocrx_word' id='word_1_10' title='bbox 1135 495 1270 567; x_wconf 91' lang='lat' dir='ltr'>senatui</span> 
     </span>
     <span class='ocr_line' id='line_1_3' title="bbox 159 603 1271 707; baseline 0.006 -29"><span class='ocrx_word' id='word_1_11' title='bbox 159 604 343 704; x_wconf 80' lang='lat' dir='ltr'>parisiensi</span> <span class='ocrx_word' id='word_1_12' title='bbox 369 603 501 677; x_wconf 92' lang='lat' dir='ltr'>oblatus</span> <span class='ocrx_word' id='word_1_13' title='bbox 526 604 582 676; x_wconf 90' lang='lat' dir='ltr'>die</span> <span class='ocrx_word' id='word_1_14' title='bbox 609 606 668 677; x_wconf 80' lang='grc'>30.</span> <span class='ocrx_word' id='word_1_15' title='bbox 697 604 777 678; x_wconf 87' lang='lat' dir='ltr'>Maii</span> <span class='ocrx_word' id='word_1_16' title='bbox 806 607 914 678; x_wconf 77' lang='lat'><strong>1853.</strong></span> <span class='ocrx_word' id='word_1_17' title='bbox 935 607 975 677; x_wconf 93' lang='lat' dir='ltr'>ln</span> <span class='ocrx_word' id='word_1_18' title='bbox 999 633 1052 694; x_wconf 90' lang='lat' dir='ltr'>ec,</span> <span class='ocrx_word' id='word_1_19' title='bbox 1073 608 1271 707; x_wconf 77' lang='lat' dir='ltr'>praemissis</span> 
     </span>
     <span class='ocr_line' id='line_1_4' title="bbox 160 719 1274 821; baseline 0.002 -28"><span class='ocrx_word' id='word_1_20' title='bbox 160 719 360 821; x_wconf 82' lang='lat' dir='ltr'>principiis,</span> <span class='ocrx_word' id='word_1_21' title='bbox 389 720 479 819; x_wconf 91' lang='lat' dir='ltr'>quod</span> <span class='ocrx_word' id='word_1_22' title='bbox 505 744 616 794; x_wconf 89' lang='lat' dir='ltr'>mores</span> <span class='ocrx_word' id='word_1_23' title='bbox 642 719 769 818; x_wconf 81' lang='lat' dir='ltr'>publici</span> <span class='ocrx_word' id='word_1_24' title='bbox 796 720 865 794; x_wconf 91' lang='lat' dir='ltr'>sint</span> <span class='ocrx_word' id='word_1_25' title='bbox 888 721 1037 795; x_wconf 89' lang='lat' dir='ltr'>conditio</span> <span class='ocrx_word' id='word_1_26' title='bbox 1062 721 1175 796; x_wconf 89' lang='lat' dir='ltr'>vitalis</span> <span class='ocrx_word' id='word_1_27' title='bbox 1200 722 1274 796; x_wconf 89' lang='lat' dir='ltr'>leli-</span> 
     </span>
     <span class='ocr_line' id='line_1_5' title="bbox 156 834 1273 935; baseline -0.001 -24"><span class='ocrx_word' id='word_1_28' title='bbox 156 835 208 911; x_wconf 90' lang='lat' dir='ltr'>cis</span> <span class='ocrx_word' id='word_1_29' title='bbox 234 859 436 935; x_wconf 88' lang='lat' dir='ltr'>progressus</span> <span class='ocrx_word' id='word_1_30' title='bbox 461 834 613 908; x_wconf 88' lang='lat' dir='ltr'>cuiusvis</span> <span class='ocrx_word' id='word_1_31' title='bbox 640 835 720 908; x_wconf 89' lang='lat' dir='ltr'>recti</span> <span class='ocrx_word' id='word_1_32' title='bbox 747 834 940 932; x_wconf 84' lang='lat' dir='ltr'>regiminis3</span> <span class='ocrx_word' id='word_1_33' title='bbox 966 835 1125 935; x_wconf 91' lang='lat' dir='ltr'>quodque</span> <span class='ocrx_word' id='word_1_34' title='bbox 1146 837 1273 935; x_wconf 89' lang='lat' dir='ltr'>optima</span> 
     </span>
     <span class='ocr_line' id='line_1_6' title="bbox 158 948 1273 1048; baseline 0 -25"><span class='ocrx_word' id='word_1_35' title='bbox 158 964 267 1023; x_wconf 85' lang='lat' dir='ltr'>status</span> <span class='ocrx_word' id='word_1_36' title='bbox 297 948 492 1023; x_wconf 89' lang='lat' dir='ltr'>constitutio</span> <span class='ocrx_word' id='word_1_37' title='bbox 525 948 670 1048; x_wconf 89' lang='lat' dir='ltr'>pendeat</span> <span class='ocrx_word' id='word_1_38' title='bbox 701 949 744 1020; x_wconf 90' lang='lat' dir='ltr'>ab</span> <span class='ocrx_word' id='word_1_39' title='bbox 769 949 897 1048; x_wconf 90' lang='lat' dir='ltr'>optima</span> <span class='ocrx_word' id='word_1_40' title='bbox 928 949 1076 1023; x_wconf 80' lang='lat' dir='ltr'>familiae</span> <span class='ocrx_word' id='word_1_41' title='bbox 1111 950 1273 1024; x_wconf 90' lang='lat' dir='ltr'>constitu-</span> 
     </span>
     <span class='ocr_line' id='line_1_7' title="bbox 157 1063 1273 1164; baseline 0 -26"><span class='ocrx_word' id='word_1_42' title='bbox 157 1064 250 1139; x_wconf 90' lang='lat' dir='ltr'>tione</span> <span class='ocrx_word' id='word_1_43' title='bbox 264 1093 276 1152; x_wconf 64' lang='grc' dir='ltr'>;Δ</span> <span class='ocrx_word' id='word_1_44' title='bbox 305 1063 479 1138; x_wconf 89' lang='lat' dir='ltr'>vinculum</span> <span class='ocrx_word' id='word_1_45' title='bbox 502 1089 582 1137; x_wconf 88' lang='lat' dir='ltr'>vero</span> <span class='ocrx_word' id='word_1_46' title='bbox 606 1063 783 1160; x_wconf 85' lang='lat' dir='ltr'>coniugale</span> <span class='ocrx_word' id='word_1_47' title='bbox 817 1064 998 1164; x_wconf 90' lang='lat' dir='ltr'>primarius</span> <span class='ocrx_word' id='word_1_48' title='bbox 1024 1081 1126 1164; x_wconf 78' lang='lat' dir='ltr'>typus</span> <span class='ocrx_word' id='word_1_49' title='bbox 1152 1065 1198 1138; x_wconf 92' lang='lat' dir='ltr'>sit</span> <span class='ocrx_word' id='word_1_50' title='bbox 1223 1092 1273 1138; x_wconf 82' lang='lat' dir='ltr'>so</span> 
     </span>
     <span class='ocr_line' id='line_1_8' title="bbox 156 1177 1270 1279; baseline -0.001 -25"><span class='ocrx_word' id='word_1_51' title='bbox 156 1179 312 1266; x_wconf 72' lang='lat' dir='ltr'>metatis,</span> <span class='ocrx_word' id='word_1_52' title='bbox 345 1178 489 1278; x_wconf 90' lang='lat' dir='ltr'>lonsque</span> <span class='ocrx_word' id='word_1_53' title='bbox 519 1194 629 1252; x_wconf 91' lang='lat' dir='ltr'>certus</span> <span class='ocrx_word' id='word_1_54' title='bbox 655 1177 747 1251; x_wconf 92' lang='lat' dir='ltr'>illius</span> <span class='ocrx_word' id='word_1_55' title='bbox 773 1180 948 1278; x_wconf 84' lang='lat' dir='ltr'>potcstatis</span> <span class='ocrx_word' id='word_1_56' title='bbox 980 1195 1153 1279; x_wconf 84' lang='lat' dir='ltr'>paternae,</span> <span class='ocrx_word' id='word_1_57' title='bbox 1182 1205 1270 1279; x_wconf 90' lang='lat' dir='ltr'>quac</span> 
     </span>
     <span class='ocr_line' id='line_1_9' title="bbox 157 1292 1270 1393; baseline -0.003 -24"><span class='ocrx_word' id='word_1_58' title='bbox 157 1309 211 1369; x_wconf 83' lang='lat' dir='ltr'>est</span> <span class='ocrx_word' id='word_1_59' title='bbox 244 1293 352 1366; x_wconf 88' lang='lat' dir='ltr'>lorma</span> <span class='ocrx_word' id='word_1_60' title='bbox 385 1292 615 1392; x_wconf 91' lang='lat' dir='ltr'>primordialis</span> <span class='ocrx_word' id='word_1_61' title='bbox 648 1293 822 1392; x_wconf 90' lang='lat' dir='ltr'>potestatis</span> <span class='ocrx_word' id='word_1_62' title='bbox 848 1292 1004 1392; x_wconf 91' lang='lat' dir='ltr'>publicae</span> <span class='ocrx_word' id='word_1_63' title='bbox 1041 1295 1270 1393; x_wconf 83' lang='lat' dir='ltr'>praeexistens</span> 
     </span>
     <span class='ocr_line' id='line_1_10' title="bbox 160 1408 1274 1509; baseline 0.001 -27"><span class='ocrx_word' id='word_1_64' title='bbox 160 1409 319 1483; x_wconf 87' lang='lat' dir='ltr'>omnibus</span> <span class='ocrx_word' id='word_1_65' title='bbox 342 1408 544 1507; x_wconf 92' lang='lat' dir='ltr'>populorum</span> <span class='ocrx_word' id='word_1_66' title='bbox 574 1408 863 1496; x_wconf 88' lang='lat' dir='ltr'>institutionibus;</span> <span class='ocrx_word' id='word_1_67' title='bbox 890 1409 982 1509; x_wconf 89' lang='lat' dir='ltr'>quod</span> <span class='ocrx_word' id='word_1_68' title='bbox 1006 1410 1168 1484; x_wconf 84' lang='lat' dir='ltr'>sanctitas</span> <span class='ocrx_word' id='word_1_69' title='bbox 1194 1437 1274 1486; x_wconf 90' lang='lat' dir='ltr'>con-</span> 
     </span>
     <span class='ocr_line' id='line_1_11' title="bbox 158 1523 1274 1624; baseline 0.006 -29"><span class='ocrx_word' id='word_1_70' title='bbox 158 1523 243 1622; x_wconf 89' lang='lat' dir='ltr'>iugii</span> <span class='ocrx_word' id='word_1_71' title='bbox 270 1524 372 1598; x_wconf 88' lang='lat' dir='ltr'>luerit</span> <span class='ocrx_word' id='word_1_72' title='bbox 404 1524 524 1624; x_wconf 89' lang='lat' dir='ltr'>quovis</span> <span class='ocrx_word' id='word_1_73' title='bbox 551 1542 700 1623; x_wconf 88' lang='lat' dir='ltr'>tempore</span> <span class='ocrx_word' id='word_1_74' title='bbox 729 1551 888 1599; x_wconf 91' lang='lat' dir='ltr'>mensura</span> <span class='ocrx_word' id='word_1_75' title='bbox 919 1526 990 1600; x_wconf 89' lang='lat' dir='ltr'>veri</span> <span class='ocrx_word' id='word_1_76' title='bbox 1024 1527 1134 1601; x_wconf 90' lang='lat' dir='ltr'>civilis</span> <span class='ocrx_word' id='word_1_77' title='bbox 1164 1527 1274 1602; x_wconf 85' lang='lat' dir='ltr'>cultus</span> 
     </span>
     <span class='ocr_line' id='line_1_12' title="bbox 165 1639 1274 1735; baseline -0.001 -20"><span class='ocrx_word' id='word_1_78' title='bbox 165 1639 422 1735; x_wconf 87' lang='lat' dir='ltr'>(civilitatis),</span> <span class='ocrx_word' id='word_1_79' title='bbox 452 1665 492 1713; x_wconf 91' lang='lat' dir='ltr'>ac</span> <span class='ocrx_word' id='word_1_80' title='bbox 518 1640 673 1714; x_wconf 91' lang='lat' dir='ltr'>nationes</span> <span class='ocrx_word' id='word_1_81' title='bbox 700 1640 853 1714; x_wconf 91' lang='lat' dir='ltr'>vicissim</span> <span class='ocrx_word' id='word_1_82' title='bbox 883 1642 1049 1716; x_wconf 86' lang='lat' dir='ltr'>creverint</span> <span class='ocrx_word' id='word_1_83' title='bbox 1074 1657 1131 1716; x_wconf 89' lang='lat' dir='ltr'>aut</span> <span class='ocrx_word' id='word_1_84' title='bbox 1158 1641 1274 1715; x_wconf 91' lang='lat' dir='ltr'>decre-</span> 
     </span>
     <span class='ocr_line' id='line_1_13' title="bbox 162 1754 1277 1855; baseline 0.001 -26"><span class='ocrx_word' id='word_1_85' title='bbox 162 1755 271 1829; x_wconf 83' lang='lat' dir='ltr'>verint</span> <span class='ocrx_word' id='word_1_86' title='bbox 295 1770 395 1855; x_wconf 91' lang='lat' dir='ltr'>prout</span> <span class='ocrx_word' id='word_1_87' title='bbox 419 1754 569 1852; x_wconf 81' lang='lat' dir='ltr'>dignitas</span> <span class='ocrx_word' id='word_1_88' title='bbox 594 1755 782 1853; x_wconf 87' lang='lat' dir='ltr'>coniugalis</span> <span class='ocrx_word' id='word_1_89' title='bbox 807 1755 933 1831; x_wconf 88' lang='lat' dir='ltr'>vinculi</span> <span class='ocrx_word' id='word_1_90' title='bbox 958 1773 1056 1830; x_wconf 87' lang='lat' dir='ltr'>aucta</span> <span class='ocrx_word' id='word_1_91' title='bbox 1080 1773 1132 1831; x_wconf 93' lang='lat' dir='ltr'>est</span> <span class='ocrx_word' id='word_1_92' title='bbox 1147 1757 1201 1831; x_wconf 93' lang='lat' dir='ltr'>vel</span> <span class='ocrx_word' id='word_1_93' title='bbox 1217 1757 1277 1830; x_wconf 88' lang='lat' dir='ltr'>dc-</span> 
     </span>
     <span class='ocr_line' id='line_1_14' title="bbox 161 1870 1276 1970; baseline 0.003 -27"><span class='ocrx_word' id='word_1_94' title='bbox 161 1871 273 1958; x_wconf 86' lang='lat' dir='ltr'>iecta;</span> <span class='ocrx_word' id='word_1_95' title='bbox 296 1871 398 1970; x_wconf 80' lang='lat' dir='ltr'>,quod</span> <span class='ocrx_word' id='word_1_96' title='bbox 424 1870 570 1970; x_wconf 88' lang='lat' dir='ltr'>denique</span> <span class='ocrx_word' id='word_1_97' title='bbox 600 1898 641 1945; x_wconf 86' lang='lat' dir='ltr'>ex</span> <span class='ocrx_word' id='word_1_98' title='bbox 671 1871 852 1969; x_wconf 89' lang='lat' dir='ltr'>coniugum</span> <span class='ocrx_word' id='word_1_99' title='bbox 879 1871 1072 1945; x_wconf 85' lang='lat' dir='ltr'>conditione</span> <span class='ocrx_word' id='word_1_100' title='bbox 1097 1872 1276 1946; x_wconf 77' lang='lat' dir='ltr'>infantium</span> 
     </span>
     <span class='ocr_line' id='line_1_15' title="bbox 164 1986 1274 2086; baseline 0.002 -29"><span class='ocrx_word' id='word_1_101' title='bbox 164 1986 350 2073; x_wconf 88' lang='lat' dir='ltr'>institutio,</span> <span class='ocrx_word' id='word_1_102' title='bbox 369 1986 422 2059; x_wconf 88' lang='lat' dir='ltr'>vis</span> <span class='ocrx_word' id='word_1_103' title='bbox 439 1987 615 2085; x_wconf 90' lang='lat' dir='ltr'>virtusque</span> <span class='ocrx_word' id='word_1_104' title='bbox 639 1987 893 2082; x_wconf 79' lang='lat' dir='ltr'>generationum</span> <span class='ocrx_word' id='word_1_105' title='bbox 911 2013 951 2061; x_wconf 89' lang='lat' dir='ltr'>ao</span> <span class='ocrx_word' id='word_1_106' title='bbox 969 1986 1079 2060; x_wconf 89' lang='lat' dir='ltr'>lutura</span> <span class='ocrx_word' id='word_1_107' title='bbox 1097 2014 1171 2062; x_wconf 92' lang='lat' dir='ltr'>sors</span> <span class='ocrx_word' id='word_1_108' title='bbox 1190 2014 1274 2086; x_wconf 92' lang='lat' dir='ltr'>pen-</span> 
     </span>
     <span class='ocr_line' id='line_1_16' title="bbox 162 2099 1273 2200; baseline 0 -28"><span class='ocrx_word' id='word_1_109' title='bbox 162 2100 241 2175; x_wconf 90' lang='lat' dir='ltr'>deat</span> <span class='ocrx_word' id='word_1_110' title='bbox 264 2100 368 2174; x_wconf 90' lang='lat' dir='ltr'>totius</span> <span class='ocrx_word' id='word_1_111' title='bbox 398 2100 564 2188; x_wconf 82' lang='lat' dir='ltr'>nationis3</span> <span class='ocrx_word' id='word_1_112' title='bbox 594 2100 670 2188; x_wconf 90' lang='lat' dir='ltr'>his,</span> <span class='ocrx_word' id='word_1_113' title='bbox 701 2099 858 2200; x_wconf 90' lang='lat' dir='ltr'>inquam,</span> <span class='ocrx_word' id='word_1_114' title='bbox 887 2100 1033 2200; x_wconf 92' lang='lat' dir='ltr'>aliisque</span> <span class='ocrx_word' id='word_1_115' title='bbox 1058 2101 1273 2200; x_wconf 86' lang='lat' dir='ltr'>praemissis,</span> 
     </span>
     <span class='ocr_line' id='line_1_17' title="bbox 161 2214 1278 2316; baseline -0.001 -27"><span class='ocrx_word' id='word_1_116' title='bbox 161 2214 297 2290; x_wconf 89' lang='lat' dir='ltr'>libellus</span> <span class='ocrx_word' id='word_1_117' title='bbox 316 2214 460 2315; x_wconf 86' lang='lat' dir='ltr'>supplex</span> <span class='ocrx_word' id='word_1_118' title='bbox 477 2215 613 2316; x_wconf 86' lang='lat' dir='ltr'>exponit</span> <span class='ocrx_word' id='word_1_119' title='bbox 631 2215 799 2314; x_wconf 86' lang='lat' dir='ltr'>pessimos</span> <span class='ocrx_word' id='word_1_120' title='bbox 817 2215 958 2302; x_wconf 71' lang='lat' dir='ltr'>larome,</span> <span class='ocrx_word' id='word_1_121' title='bbox 976 2242 1063 2315; x_wconf 90' lang='lat' dir='ltr'>quos</span> <span class='ocrx_word' id='word_1_122' title='bbox 1077 2216 1130 2288; x_wconf 84' lang='lat' dir='ltr'>lex</span> <span class='ocrx_word' id='word_1_123' title='bbox 1143 2215 1186 2288; x_wconf 92' lang='lat' dir='ltr'>de</span> <span class='ocrx_word' id='word_1_124' title='bbox 1198 2241 1278 2289; x_wconf 90' lang='lat' dir='ltr'>con-</span> 
     </span>
     <span class='ocr_line' id='line_1_18' title="bbox 162 2330 1271 2431; baseline 0 -28"><span class='ocrx_word' id='word_1_125' title='bbox 162 2330 267 2431; x_wconf 88' lang='lat' dir='ltr'>iugiis</span> <span class='ocrx_word' id='word_1_126' title='bbox 283 2357 374 2405; x_wconf 89' lang='lat' dir='ltr'>mere</span> <span class='ocrx_word' id='word_1_127' title='bbox 391 2330 550 2405; x_wconf 87' lang='lat' dir='ltr'>civilibus</span> <span class='ocrx_word' id='word_1_128' title='bbox 568 2332 603 2402; x_wconf 92' lang='lat' dir='ltr'>in</span> <span class='ocrx_word' id='word_1_129' title='bbox 620 2330 790 2404; x_wconf 89' lang='lat' dir='ltr'>universis</span> <span class='ocrx_word' id='word_1_130' title='bbox 804 2330 922 2405; x_wconf 88' lang='lat' dir='ltr'>Galliis</span> <span class='ocrx_word' id='word_1_131' title='bbox 941 2330 1105 2404; x_wconf 90' lang='lat' dir='ltr'>hactenus</span> <span class='ocrx_word' id='word_1_132' title='bbox 1123 2330 1271 2431; x_wconf 89' lang='lat' dir='ltr'>protulit.</span> 
     </span>
    </p>

    <p class='ocr_par' dir='ltr' id='par_1_3' title="bbox 122 2446 1340 4162">
     <span class='ocr_line' id='line_1_19' title="bbox 234 2446 1276 2537; baseline 0 -18"><span class='ocrx_word' id='word_1_133' title='bbox 234 2446 278 2520; x_wconf 87' lang='lat' dir='ltr'>Hi</span> <span class='ocrx_word' id='word_1_134' title='bbox 295 2474 374 2522; x_wconf 89' lang='lat' dir='ltr'>vcro</span> <span class='ocrx_word' id='word_1_135' title='bbox 392 2462 472 2537; x_wconf 86' lang='lat' dir='ltr'>sunt</span> <span class='ocrx_word' id='word_1_136' title='bbox 492 2447 660 2521; x_wconf 90' lang='lat' dir='ltr'>eiusmodi</span> <span class='ocrx_word' id='word_1_137' title='bbox 678 2446 837 2535; x_wconf 79' lang='lat' dir='ltr'>allectae,</span> <span class='ocrx_word' id='word_1_138' title='bbox 857 2463 894 2519; x_wconf 87' lang='lat' dir='ltr'>ut</span> <span class='ocrx_word' id='word_1_139' title='bbox 911 2473 1028 2520; x_wconf 89' lang='lat' dir='ltr'>omnes</span> <span class='ocrx_word' id='word_1_140' title='bbox 1050 2447 1210 2521; x_wconf 89' lang='lat' dir='ltr'>honestos</span> <span class='ocrx_word' id='word_1_141' title='bbox 1236 2472 1276 2520; x_wconf 89' lang='lat' dir='ltr'>ac</span> 
     </span>
     <span class='ocr_line' id='line_1_20' title="bbox 163 2562 1273 2664; baseline -0.004 -24"><span class='ocrx_word' id='word_1_142' title='bbox 163 2563 340 2662; x_wconf 84' lang='lat' dir='ltr'>religiosos</span> <span class='ocrx_word' id='word_1_143' title='bbox 365 2564 458 2639; x_wconf 90' lang='lat' dir='ltr'>viros</span> <span class='ocrx_word' id='word_1_144' title='bbox 484 2580 717 2664; x_wconf 88' lang='lat' dir='ltr'>permoveant,</span> <span class='ocrx_word' id='word_1_145' title='bbox 738 2562 960 2663; x_wconf 90' lang='lat' dir='ltr'>timoremque</span> <span class='ocrx_word' id='word_1_146' title='bbox 985 2563 1180 2661; x_wconf 88' lang='lat' dir='ltr'>ingenerent</span> <span class='ocrx_word' id='word_1_147' title='bbox 1196 2590 1273 2661; x_wconf 87' lang='lat' dir='ltr'>gra-</span> 
     </span>
     <span class='ocr_line' id='line_1_21' title="bbox 161 2678 1275 2780; baseline -0.006 -24"><span class='ocrx_word' id='word_1_148' title='bbox 161 2680 293 2756; x_wconf 92' lang='lat' dir='ltr'>viorum</span> <span class='ocrx_word' id='word_1_149' title='bbox 310 2679 423 2754; x_wconf 90' lang='lat' dir='ltr'>adhuc</span> <span class='ocrx_word' id='word_1_150' title='bbox 438 2680 602 2754; x_wconf 92' lang='lat' dir='ltr'>malorum</span> <span class='ocrx_word' id='word_1_151' title='bbox 627 2678 663 2751; x_wconf 94' lang='lat' dir='ltr'>in</span> <span class='ocrx_word' id='word_1_152' title='bbox 688 2679 849 2752; x_wconf 84' lang='lat' dir='ltr'>futurum.</span> <span class='ocrx_word' id='word_1_153' title='bbox 871 2680 997 2780; x_wconf 88' lang='lat' dir='ltr'>Nempe</span> <span class='ocrx_word' id='word_1_154' title='bbox 1014 2678 1193 2767; x_wconf 88' lang='lat' dir='ltr'>seandala,</span> <span class='ocrx_word' id='word_1_155' title='bbox 1222 2679 1275 2750; x_wconf 92' lang='lat' dir='ltr'>di-</span> 
     </span>
     <span class='ocr_line' id='line_1_22' title="bbox 160 2794 1279 2896; baseline -0.006 -24"><span class='ocrx_word' id='word_1_156' title='bbox 160 2796 269 2872; x_wconf 90' lang='lat' dir='ltr'>vortia</span> <span class='ocrx_word' id='word_1_157' title='bbox 295 2822 355 2896; x_wconf 89' lang='lat' dir='ltr'>per</span> <span class='ocrx_word' id='word_1_158' title='bbox 379 2812 519 2870; x_wconf 90' lang='lat' dir='ltr'>mortem</span> <span class='ocrx_word' id='word_1_159' title='bbox 551 2796 683 2870; x_wconf 88' lang='lat' dir='ltr'>civilem</span> <span class='ocrx_word' id='word_1_160' title='bbox 711 2797 801 2892; x_wconf 78' lang='lat'>(62),</span> <span class='ocrx_word' id='word_1_161' title='bbox 833 2794 1005 2868; x_wconf 86' lang='lat' dir='ltr'>discordia</span> <span class='ocrx_word' id='word_1_162' title='bbox 1031 2795 1198 2881; x_wconf 82' lang='lat' dir='ltr'>fratrum,</span> <span class='ocrx_word' id='word_1_163' title='bbox 1227 2795 1279 2866; x_wconf 90' lang='lat' dir='ltr'>in-</span> 
     </span>
     <span class='ocr_line' id='line_1_23' title="bbox 162 2910 1277 3011; baseline -0.003 -28"><span class='ocrx_word' id='word_1_164' title='bbox 162 2910 285 3000; x_wconf 81' lang='lat' dir='ltr'>famia,</span> <span class='ocrx_word' id='word_1_165' title='bbox 320 2912 495 3009; x_wconf 81' lang='lat' dir='ltr'>religionis</span> <span class='ocrx_word' id='word_1_166' title='bbox 529 2927 757 3011; x_wconf 88' lang='lat' dir='ltr'>contemptus,</span> <span class='ocrx_word' id='word_1_167' title='bbox 795 2910 944 3008; x_wconf 84' lang='lat' dir='ltr'>vulgaris</span> <span class='ocrx_word' id='word_1_168' title='bbox 975 2910 1152 3010; x_wconf 88' lang='lat' dir='ltr'>persuasio</span> <span class='ocrx_word' id='word_1_169' title='bbox 1178 2910 1277 2982; x_wconf 92' lang='lat' dir='ltr'>ritum</span> 
     </span>
     <span class='ocr_line' id='line_1_24' title="bbox 162 3024 1278 3123; baseline -0.005 -23"><span class='ocrx_word' id='word_1_170' title='bbox 162 3025 358 3123; x_wconf 85' lang='lat' dir='ltr'>religiosum</span> <span class='ocrx_word' id='word_1_171' title='bbox 371 3052 527 3100; x_wconf 89' lang='lat' dir='ltr'>ncnesse</span> <span class='ocrx_word' id='word_1_172' title='bbox 550 3025 618 3099; x_wconf 89' lang='lat' dir='ltr'>nisi</span> <span class='ocrx_word' id='word_1_173' title='bbox 638 3025 880 3098; x_wconf 86' lang='lat' dir='ltr'>accidentalem</span> <span class='ocrx_word' id='word_1_174' title='bbox 906 3024 1066 3111; x_wconf 89' lang='lat' dir='ltr'>lormam,</span> <span class='ocrx_word' id='word_1_175' title='bbox 1085 3049 1173 3122; x_wconf 89' lang='lat' dir='ltr'>quae</span> <span class='ocrx_word' id='word_1_176' title='bbox 1198 3048 1278 3095; x_wconf 91' lang='lat' dir='ltr'>con-</span> 
     </span>
     <span class='ocr_line' id='line_1_25' title="bbox 164 3137 1278 3239; baseline -0.004 -25"><span class='ocrx_word' id='word_1_177' title='bbox 164 3141 284 3214; x_wconf 89' lang='lat' dir='ltr'>tractui</span> <span class='ocrx_word' id='word_1_178' title='bbox 310 3140 402 3215; x_wconf 92' lang='lat' dir='ltr'>oivili</span> <span class='ocrx_word' id='word_1_179' title='bbox 429 3140 664 3239; x_wconf 89' lang='lat' dir='ltr'>superveniat,</span> <span class='ocrx_word' id='word_1_180' title='bbox 684 3155 718 3212; x_wconf 93' lang='lat' dir='ltr'>et</span> <span class='ocrx_word' id='word_1_181' title='bbox 734 3138 809 3211; x_wconf 89' lang='lat' dir='ltr'>sine</span> <span class='ocrx_word' id='word_1_182' title='bbox 827 3165 896 3237; x_wconf 91' lang='lat' dir='ltr'>qua</span> <span class='ocrx_word' id='word_1_183' title='bbox 917 3137 1111 3234; x_wconf 90' lang='lat' dir='ltr'>coniugium</span> <span class='ocrx_word' id='word_1_184' title='bbox 1133 3137 1278 3236; x_wconf 81' lang='lat' dir='ltr'>perlecto</span> 
     </span>
     <span class='ocr_line' id='line_1_26' title="bbox 122 3253 1280 3356; baseline -0.006 -25"><span class='ocrx_word' id='word_1_185' title='bbox 122 3333 124 3338; x_wconf 64' lang='grc'>,</span> <span class='ocrx_word' id='word_1_186' title='bbox 164 3256 344 3345; x_wconf 89' lang='lat' dir='ltr'>consistat;</span> <span class='ocrx_word' id='word_1_187' title='bbox 357 3255 553 3356; x_wconf 80' lang='lat' dir='ltr'>propagatio</span> <span class='ocrx_word' id='word_1_188' title='bbox 567 3255 778 3354; x_wconf 89' lang='lat' dir='ltr'>perniciosae</span> <span class='ocrx_word' id='word_1_189' title='bbox 790 3253 934 3326; x_wconf 89' lang='lat' dir='ltr'>huiusce</span> <span class='ocrx_word' id='word_1_190' title='bbox 948 3278 1193 3352; x_wconf 87' lang='lat' dir='ltr'>perversaeque</span> <span class='ocrx_word' id='word_1_191' title='bbox 1206 3278 1280 3353; x_wconf 89' lang='lat' dir='ltr'>per·</span> 
     </span>
     <span class='ocr_line' id='line_1_27' title="bbox 163 3367 1278 3459; baseline -0.004 -13"><span class='ocrx_word' id='word_1_192' title='bbox 163 3371 351 3459; x_wconf 86' lang='lat' dir='ltr'>suasionis,</span> <span class='ocrx_word' id='word_1_193' title='bbox 372 3398 502 3446; x_wconf 91' lang='lat' dir='ltr'>morum</span> <span class='ocrx_word' id='word_1_194' title='bbox 522 3370 658 3445; x_wconf 90' lang='lat' dir='ltr'>licentia</span> <span class='ocrx_word' id='word_1_195' title='bbox 675 3371 878 3456; x_wconf 80' lang='lat' dir='ltr'>effraenata,</span> <span class='ocrx_word' id='word_1_196' title='bbox 899 3367 1121 3442; x_wconf 87' lang='lat' dir='ltr'>institutionis</span> <span class='ocrx_word' id='word_1_197' title='bbox 1139 3367 1278 3442; x_wconf 87' lang='lat' dir='ltr'>moralis</span> 
     </span>
     <span class='ocr_line' id='line_1_28' title="bbox 164 3481 1280 3584; baseline -0.004 -25"><span class='ocrx_word' id='word_1_198' title='bbox 164 3511 204 3560; x_wconf 92' lang='lat' dir='ltr'>ac</span> <span class='ocrx_word' id='word_1_199' title='bbox 227 3485 406 3584; x_wconf 82' lang='lat' dir='ltr'>religiosae</span> <span class='ocrx_word' id='word_1_200' title='bbox 430 3485 601 3572; x_wconf 82' lang='lat' dir='ltr'>delectus3</span> <span class='ocrx_word' id='word_1_201' title='bbox 630 3483 783 3583; x_wconf 87' lang='lat' dir='ltr'>germina</span> <span class='ocrx_word' id='word_1_202' title='bbox 807 3483 920 3556; x_wconf 92' lang='lat' dir='ltr'>omnia</span> <span class='ocrx_word' id='word_1_203' title='bbox 945 3481 1182 3556; x_wconf 90' lang='lat' dir='ltr'>dissolutionis</span> <span class='ocrx_word' id='word_1_204' title='bbox 1208 3499 1280 3555; x_wconf 84' lang='lat' dir='ltr'>tum</span> 
     </span>
     <span class='ocr_line' id='line_1_29' title="bbox 164 3597 1281 3701; baseline -0.003 -28"><span class='ocrx_word' id='word_1_205' title='bbox 164 3601 371 3676; x_wconf 89' lang='lat' dir='ltr'>domesticae</span> <span class='ocrx_word' id='word_1_206' title='bbox 387 3616 459 3675; x_wconf 91' lang='lat' dir='ltr'>tum</span> <span class='ocrx_word' id='word_1_207' title='bbox 477 3600 651 3701; x_wconf 88' lang='lat' dir='ltr'>publicae;</span> <span class='ocrx_word' id='word_1_208' title='bbox 672 3601 913 3672; x_wconf 86' lang='lat' dir='ltr'>incrementum</span> <span class='ocrx_word' id='word_1_209' title='bbox 938 3598 1123 3671; x_wconf 89' lang='lat' dir='ltr'>maximum</span> <span class='ocrx_word' id='word_1_210' title='bbox 1149 3597 1281 3694; x_wconf 91' lang='lat' dir='ltr'>ignoto-</span> 
     </span>
     <span class='ocr_line' id='line_1_30' title="bbox 166 3711 1340 3815; baseline -0.006 -27"><span class='ocrx_word' id='word_1_211' title='bbox 166 3741 240 3788; x_wconf 93' lang='lat' dir='ltr'>rum</span> <span class='ocrx_word' id='word_1_212' title='bbox 272 3731 447 3803; x_wconf 92' lang='lat' dir='ltr'>natorum,</span> <span class='ocrx_word' id='word_1_213' title='bbox 477 3717 536 3815; x_wconf 89' lang='lat' dir='ltr'>qui</span> <span class='ocrx_word' id='word_1_214' title='bbox 567 3714 711 3814; x_wconf 86' lang='lat' dir='ltr'>expositi</span> <span class='ocrx_word' id='word_1_215' title='bbox 741 3713 910 3786; x_wconf 93' lang='lat' dir='ltr'>communi</span> <span class='ocrx_word' id='word_1_216' title='bbox 935 3711 1070 3786; x_wconf 90' lang='lat' dir='ltr'>nomine</span> <span class='ocrx_word' id='word_1_217' title='bbox 1096 3725 1277 3797; x_wconf 85' lang='lat' dir='ltr'>vocantur,</span> <span class='ocrx_word' id='word_1_218' title='bbox 1336 3730 1340 3737; x_wconf 82' lang='grc'>’</span> 
     </span>
     <span class='ocr_line' id='line_1_31' title="bbox 166 3825 1281 3930; baseline -0.006 -27"><span class='ocrx_word' id='word_1_219' title='bbox 166 3829 305 3929; x_wconf 90' lang='lat' dir='ltr'>publica</span> <span class='ocrx_word' id='word_1_220' title='bbox 330 3829 573 3904; x_wconf 85' lang='lat' dir='ltr'>concubinatus</span> <span class='ocrx_word' id='word_1_221' title='bbox 591 3828 778 3930; x_wconf 84' lang='lat' dir='ltr'>professio,</span> <span class='ocrx_word' id='word_1_222' title='bbox 799 3828 934 3927; x_wconf 89' lang='lat' dir='ltr'>aliaque</span> <span class='ocrx_word' id='word_1_223' title='bbox 951 3827 986 3899; x_wconf 93' lang='lat' dir='ltr'>id</span> <span class='ocrx_word' id='word_1_224' title='bbox 1005 3853 1112 3924; x_wconf 91' lang='lat' dir='ltr'>genus</span> <span class='ocrx_word' id='word_1_225' title='bbox 1131 3852 1199 3899; x_wconf 92' lang='lat' dir='ltr'>non</span> <span class='ocrx_word' id='word_1_226' title='bbox 1216 3825 1281 3896; x_wconf 94' lang='lat' dir='ltr'>mi-</span> 
     </span>
     <span class='ocr_line' id='line_1_32' title="bbox 166 3941 1278 4044; baseline -0.005 -27"><span class='ocrx_word' id='word_1_227' title='bbox 166 3972 230 4020; x_wconf 91' lang='lat' dir='ltr'>nus</span> <span class='ocrx_word' id='word_1_228' title='bbox 253 3945 408 4044; x_wconf 84' lang='lat' dir='ltr'>religioni</span> <span class='ocrx_word' id='word_1_229' title='bbox 426 3972 466 4019; x_wconf 92' lang='lat' dir='ltr'>ac</span> <span class='ocrx_word' id='word_1_230' title='bbox 482 3945 581 4019; x_wconf 89' lang='lat' dir='ltr'>bonis</span> <span class='ocrx_word' id='word_1_231' title='bbox 599 3945 771 4032; x_wconf 92' lang='lat' dir='ltr'>moribus,</span> <span class='ocrx_word' id='word_1_232' title='bbox 800 3970 902 4044; x_wconf 89' lang='lat' dir='ltr'>quam</span> <span class='ocrx_word' id='word_1_233' title='bbox 930 3942 1086 4043; x_wconf 91' lang='lat' dir='ltr'>publicae</span> <span class='ocrx_word' id='word_1_234' title='bbox 1112 3941 1278 4015; x_wconf 88' lang='lat' dir='ltr'>honestati</span> 
     </span>
     <span class='ocr_line' id='line_1_33' title="bbox 166 4060 872 4162; baseline -0.004 -27"><span class='ocrx_word' id='word_1_235' title='bbox 166 4086 205 4135; x_wconf 92' lang='lat' dir='ltr'>ac</span> <span class='ocrx_word' id='word_1_236' title='bbox 230 4060 386 4159; x_wconf 87' lang='lat' dir='ltr'>regimini</span> <span class='ocrx_word' id='word_1_237' title='bbox 411 4060 547 4162; x_wconf 92' lang='lat' dir='ltr'>politico</span> <span class='ocrx_word' id='word_1_238' title='bbox 572 4060 762 4162; x_wconf 88' lang='lat' dir='ltr'>perniciosa</span> <span class='ocrx_word' id='word_1_239' title='bbox 783 4063 872 4158; x_wconf 76' lang='lat'>(63).</span> 
     </span>
    </p>
   </div>
   <div class='ocr_carea' id='block_1_3' title="bbox 239 4243 1343 4391">
    <p class='ocr_par' dir='ltr' id='par_1_4' title="bbox 239 4243 1343 4391">
     <span class='ocr_line' id='line_1_34' title="bbox 239 4243 1277 4310; baseline -0.006 -12"><span class='ocrx_word' id='word_1_240' title='bbox 239 4247 291 4310; x_wconf 79' lang='lat'>(62)</span> <span class='ocrx_word' id='word_1_241' title='bbox 307 4249 373 4298; x_wconf 85' lang='lat' dir='ltr'>Haec</span> <span class='ocrx_word' id='word_1_242' title='bbox 384 4261 452 4298; x_wconf 87' lang='lat' dir='ltr'>mors</span> <span class='ocrx_word' id='word_1_243' title='bbox 460 4249 543 4298; x_wconf 89' lang='lat' dir='ltr'>tamen</span> <span class='ocrx_word' id='word_1_244' title='bbox 553 4246 634 4297; x_wconf 85' lang='lat' dir='ltr'>civilis</span> <span class='ocrx_word' id='word_1_245' title='bbox 643 4247 742 4296; x_wconf 88' lang='lat' dir='ltr'>demum</span> <span class='ocrx_word' id='word_1_246' title='bbox 755 4246 853 4296; x_wconf 86' lang='lat' dir='ltr'>sublata</span> <span class='ocrx_word' id='word_1_247' title='bbox 862 4248 899 4296; x_wconf 89' lang='lat' dir='ltr'>est</span> <span class='ocrx_word' id='word_1_248' title='bbox 909 4246 960 4309; x_wconf 81' lang='lat' dir='ltr'>lege</span> <span class='ocrx_word' id='word_1_249' title='bbox 971 4247 1020 4296; x_wconf 83' lang='lat' dir='ltr'>lata</span> <span class='ocrx_word' id='word_1_250' title='bbox 1030 4244 1071 4294; x_wconf 88' lang='lat' dir='ltr'>dic</span> <span class='ocrx_word' id='word_1_251' title='bbox 1085 4251 1120 4296; x_wconf 80' lang='lat' dir='ltr'>la.</span> <span class='ocrx_word' id='word_1_252' title='bbox 1133 4243 1198 4293; x_wconf 81' lang='lat' dir='ltr'>lunii</span> <span class='ocrx_word' id='word_1_253' title='bbox 1211 4247 1277 4294; x_wconf 72' lang='lat'><strong>1854.</strong></span> 
     </span>
     <span class='ocr_line' id='line_1_35' title="bbox 241 4323 1343 4391; baseline -0.005 -13"><span class='ocrx_word' id='word_1_254' title='bbox 241 4327 292 4390; x_wconf 72' lang='grc'>(63)</span> <span class='ocrx_word' id='word_1_255' title='bbox 308 4327 426 4380; x_wconf 70' lang='lat' dir='ltr'>Petttton</span> <span class='ocrx_word' id='word_1_256' title='bbox 441 4327 561 4381; x_wconf 71' lang='lat' dir='ltr'>odressec</span> <span class='ocrx_word' id='word_1_257' title='bbox 574 4340 610 4378; x_wconf 86' lang='lat' dir='ltr'>uu</span> <span class='ocrx_word' id='word_1_258' title='bbox 625 4328 699 4379; x_wconf 73' lang='lat' dir='ltr'>senat</span> <span class='ocrx_word' id='word_1_259' title='bbox 711 4340 781 4391; x_wconf 81' lang='lat' dir='ltr'>pour</span> <span class='ocrx_word' id='word_1_260' title='bbox 791 4326 933 4386; x_wconf 75' lang='lat' dir='ltr'>reclomer,</span> <span class='ocrx_word' id='word_1_261' title='bbox 948 4339 984 4377; x_wconf 86' lang='lat' dir='ltr'>uu</span> <span class='ocrx_word' id='word_1_262' title='bbox 994 4338 1055 4376; x_wconf 78' lang='lat' dir='ltr'>nmo</span> <span class='ocrx_word' id='word_1_263' title='bbox 1066 4324 1111 4376; x_wconf 79' lang='lat' dir='ltr'>des</span> <span class='ocrx_word' id='word_1_264' title='bbox 1123 4323 1230 4374; x_wconf 65' lang='lat' dir='ltr'>tremate</span> <span class='ocrx_word' id='word_1_265' title='bbox 1241 4323 1280 4373; x_wconf 76' lang='lat' dir='ltr'>re·</span> <span class='ocrx_word' id='word_1_266' title='bbox 1340 4341 1343 4347; x_wconf 89' lang='lat'>·</span> 
     </span>
    </p>
   </div>
   <div class='ocr_carea' id='block_1_4' title="bbox 1202 4437 1237 4486">
    <p class='ocr_par' dir='ltr' id='par_1_5' title="bbox 1202 4437 1237 4486">
     <span class='ocr_line' id='line_1_36' title="bbox 1202 4437 1237 4486; baseline 0 0"><span class='ocrx_word' id='word_1_267' title='bbox 1202 4437 1237 4486; x_wconf 81' lang='lat'>25</span> 
     </span>
    </p>
   </div>
   <div class='ocr_carea' id='block_1_5' title="bbox 0 0 1454 5062">
    <p class='ocr_par' dir='ltr' id='par_1_6' title="bbox 0 0 1454 5062">
     <span class='ocr_line' id='line_1_37' title="bbox 0 0 1454 5062; baseline 0 0"><span class='ocrx_word' id='word_1_268' title='bbox 0 0 1454 5062; x_wconf 95' lang='lat' dir='ltr'> </span> 
     </span>
    </p>
   </div>
  </div>
 </body>
</html>
