2872 5062
220 332 290 421 too
412 368 474 419 un.
496 368 519 418 1.
541 366 628 419 saer.
649 367 672 417 1.
693 367 733 416 ne
759 365 890 417 narnia.
911 365 1124 419 sarmarum.

219 487 447 564 bonesmndas
472 486 605 587 nuptias
630 511 725 560 sacro
750 485 826 557 ritu.
852 484 999 573 Etenim,
1027 500 1061 558 et
1084 511 1147 560 nos
1170 485 1326 575 fatemur,

218 605 287 680 imo
303 619 336 679 et
351 602 585 677 contendimus
609 600 785 675 ecelesiam
810 619 943 699 semper
966 600 1183 675 abhorruisse
1204 630 1225 676 a
1249 628 1331 679 con·

217 719 322 817 ingiis
354 717 610 803 clandestinis,
629 743 716 816 quae
740 717 816 815 ipsa
840 742 1024 815 numquam
1049 742 1116 790 non
1141 717 1332 816 reprobavit

218 848 388 934 tamqnam
406 832 598 930 illegitima,
619 833 770 930 adeoque
781 832 996 907 constituisse
1007 831 1131 929 iugiter
1141 848 1179 906 ut
1191 834 1331 932 nuptiae

218 947 420 1025 christianae
437 947 472 1019 in
489 945 574 1019 facie
592 945 754 1021 ecclesiae
778 945 1037 1033 celebrarentur,
1066 972 1105 1018 ao
1126 947 1193 1020 ritu
1210 973 1327 1034 sacro,

217 1063 416 1162 praesertim
436 1086 515 1144 vero
532 1060 765 1135 benedictione
790 1060 989 1137 sacerdotali
1012 1062 1328 1151 condecorarentur,

218 1192 252 1255 et
266 1189 511 1251 sacramentum
535 1200 576 1249 ea
597 1196 666 1274 qua
688 1201 750 1273 par
774 1190 826 1248 est
848 1175 1024 1249 sanctitate
1048 1175 1328 1265 circumdaretur,

218 1307 319 1390 atque
327 1291 427 1365 etiam
439 1290 560 1365 certior
570 1289 715 1390 ipsamet
727 1290 821 1364 lieret
830 1289 963 1365 deinito
975 1291 1130 1388 coniugio
1142 1291 1185 1365 ad
1197 1319 1331 1369 omnem

217 1405 369 1483 fraudem
387 1405 661 1504 praecavendam.
685 1407 829 1480 Necesse
855 1405 996 1504 proinde
1021 1406 1105 1481 soret
1121 1423 1158 1481 ut
1173 1433 1216 1483 ea
1231 1409 1332 1483 aller-

218 1535 334 1593 rentur
347 1518 558 1607 documenta,
575 1518 713 1618 quibus,
730 1519 784 1592 sin
797 1518 909 1591 minus
917 1518 1067 1606 disertis,
1087 1520 1199 1595 verbis
1213 1521 1331 1597 saltem

215 1630 529 1734 aequivalentibus,
568 1634 742 1733 patefieret
774 1633 901 1733 requiri
930 1634 1136 1709 sacerdotem
1162 1652 1332 1736 tamquam

216 1750 410 1850 nuptiarum
439 1750 655 1838 ministrum,
691 1749 833 1848 eiusque
864 1749 1131 1825 benedictionem
1158 1767 1329 1851 tamquam

215 1863 359 1945 formam
384 1864 428 1937 ad
453 1878 699 1938 sacramentum
723 1863 983 1940 conficiendum.
1258 1939 1261 1943 .

291 1980 362 2052 lam
378 2006 456 2054 vero
471 2002 517 2052 ne
532 2005 637 2053 unum
654 1978 792 2078 quidem
809 2005 850 2052 en
867 1994 925 2067 tot,
942 2005 1029 2078 quae
1045 1979 1168 2054 adduci
1193 2004 1333 2061 consue-

217 2110 338 2177 verunt
352 2095 578 2183 documentis,
593 2121 636 2169 ex
648 2095 704 2194 pia
717 2095 914 2194 antiquitate
924 2110 996 2181 est,
1013 2096 1104 2193 quod
1117 2095 1169 2170 vel
1182 2095 1333 2170 insinuet

218 2209 253 2289 id
278 2209 453 2309 quod‘sibi
471 2209 585 2285 Canus
608 2207 818 2308 probandum
844 2208 1029 2309 proposuit.
1045 2208 1185 2294 Etiamsi
1210 2230 1332 2308 magno

218 2349 356 2398 numero
380 2324 455 2422 ipse
480 2323 626 2399 attulerit
654 2322 871 2420 allegationes
894 2346 935 2408 ex
960 2321 1106 2396 Gratiani
1135 2325 1332 2421 praesertim

216 2438 348 2510 Derceto
358 2467 369 2523 ,·
389 2455 498 2510 temen
516 2437 607 2510 haud
626 2437 760 2526 dubito,
782 2437 865 2535 quin
883 2437 912 2510 si
931 2434 1054 2513 (lanus-
1067 2437 1185 2512 sedulo
1206 2465 1331 2538 expen-

214 2552 323 2627 disset
339 2578 378 2625 ao
396 2552 431 2623 in
449 2552 593 2651 propriis
619 2553 769 2626 lontibus
789 2553 990 2627 documenta
1004 2553 1064 2626 illa
1080 2553 1328 2653 perlustrasset,

214 2691 375 2765 umquam
402 2667 517 2739 fidenti
540 2667 626 2740 adeo
651 2668 763 2742 animo
786 2693 827 2741 ea
849 2691 912 2768 pro
933 2694 997 2741 sua
1022 2670 1188 2743 sententia
1211 2669 1338 2745 luisset

215 2781 392 2857 allaturus.
415 2781 512 2869 Quod
532 2797 569 2856 ut
591 2808 653 2856 nos
678 2783 881 2872 efficiamus,
906 2783 1105 2859 documenta
1128 2784 1267 2882 singula
1288 2785 1332 2867 le·

217 2897 366 2995 gentium
392 2896 499 2971 oculis
525 2897 763 2986 subiiciemus,
795 2913 833 2970 ut
860 2925 920 2997 per
947 2922 986 2972 se
1007 2899 1066 2974 'vel
1092 2899 1158 2998 ipsi
1182 2900 1333 2980 iudicent

214 3028 316 3112 atque
340 3019 554 3114 experiantur
578 3038 713 3101 eorum,
740 3039 827 3112 quae
851 3014 1113 3102 adfirmavimus,
1140 3015 1326 3101 veritatem.

216 3154 218 3159 ’
239 3186 242 3209 2
291 3127 387 3213 Quod
404 3114 583 3237 anteqibm
601 3126 819 3215 efficiam,⁴ad
832 3128 901 3201 vim
918 3129 1098 3217 universim
1117 3129 1327 3218 elevandam,

218 3239 285 3312 imo
306 3240 486 3313 tollendam
506 3242 638 3365 perp'tus
657 3241 700 3315 ab
716 3241 771 3316 bis
788 3242 945 3332 omnibus
962 3242 1181 3330 testimoniis,
1197 3269 1238 3330 eu
1254 3244 1332 3342 qui·

215 3352 280 3426 bns
306 3353 415 3451 arguit
440 3350 637 3464 (lanus‘qpro
662 3382 725 3429 sua
749 3355 934 3443 sententia,
964 3356 1085 3428 iuverit
1108 3356 1263 3453 generale
1279 3357 1331 3431 vi-

217 3468 300 3541 tium
318 3469 352 3540 in
370 3470 443 3544 eius
460 3468 744 3573 argpm‘entatione
770 3468 912 3568 aperire.
935 3472 1011 3569 lpse
1028 3471 1130 3568 igitur
1146 3498 1213 3544 non
1231 3487 1332 3567 negat

214 3583 386 3656 veritatem
403 3602 436 3657 et
451 3575 597 3686 valbgem
621 3583 837 3671 matrimonii,
858 3585 913 3658 oui
931 3611 997 3658 non
1021 3584 1247 3673 benedicitur,
1268 3586 1330 3660 sed
1388 3639 1391 3645 -

210 3714 314 3794 *negat
342 3698 426 3771 illud
452 3686 539 3773 esse*
554 3687 824 3787 iuramentum,
857 3699 987 3798 quippe
1018 3699 1153 3791 nonnisi
1174 3700 1332 3799 officium

215 3810 406 3896 mnam,
426 3828 464 3885 ut
480 3812 700 3910 patres'loqui
719 3812 837 3887 solent.
856 3812 945 3900 Quin
963 3811 1136 3887 etiam'sio
1151 3826 1331 3909 argumen-

212 3938 321 4001 ntur:
347 3926 563 3999 manifestum
588 3942 658 4013 cst,
684 3926 916 4022 matrimonia,
935 3953 1026 4026 quae
1041 3927 1085 4004 ab
1099 3927 1157 4006 bis
1175 3927 1330 4026 patribus

209 4037 282 4115 lene
308 4041 572 4140 aequiparantur
595 4040 788 4128 adulteriis,
810 4068 875 4115 non
892 4069 970 4117 esse
987 4057 1215 4128 sacramenta;
1235 4042 1330 4142 atqui

211 4154 249 4231 iu
274 4172 406 4254 patrum
426 4155 619 4230 eorumdem
646 4157 810 4231 sententia
836 4157 929 4234 luere
951 4157 1065 4231 valida
1089 4156 1324 4244 matrimonia

212 4294 292 4365 ergo
303 4271 564 4360 matrimonium,
575 4272 666 4370 quod
678 4299 745 4346 non
761 4271 805 4346 sit
816 4287 1075 4360 sacramentnm,
1087 4271 1237 4349 validum
1247 4297 1328 4349 esse
