2872 5062
264 372 334 425 mr.
351 372 1134 426 ratoraauuusruorrnornrurru.ulrum.nr.
1206 348 1274 424 399

163 500 279 580 aum,
296 493 408 567 oleum
431 511 497 567 eto.
524 509 636 567 tamen
666 519 743 567 cum
766 520 808 567 ea
821 509 976 591 usurpat
1001 492 1044 565 ad
1058 511 1279 569 ‘sacramenta

161 608 387 697 ¹conficienda,
405 635 449 682 ea
466 609 606 683 adhibet
622 625 659 682 ut
678 635 741 683 sua
760 609 889 708 absque
906 607 1132 706 dependentia
1149 615 1173 682 a'
1186 610 1277 683 civili

157 725 336 799 ⁴societate.
348 725 466 798 uirilis
479 725 696 823 magistratus
710 726 906 825 protegitao
920 740 1030 797 tuetur
1047 724 1184 824 quidem
1203 726 1277 799 iura

159 867 239 929 sua,
262 840 428 928 seuiura,
450 867 538 940 quae
546 841 664 929 babet,
682 867 749 914 non
768 855 878 913 autem
896 865 953 926 ea,
970 865 1058 939 quae
1074 866 1141 914 non
1159 840 1272 914 babet.

159 956 299 1031 Nullum
318 972 428 1029 autem
454 957 567 1056 reipsa
592 958 645 1031 ius
669 957 772 1030 babet
798 955 888 1056 quod
910 955 977 1029 sibi
1002 955 1151 1029 vindicet
1175 983 1278 1056 super

160 1073 414 1145 matrimonium
440 1072 674 1147 christianum.
799 1075 803 1084 ’

197 1196 210 1234 ’-
236 1189 289 1284 tv,
320 1187 450 1272 Quarta
466 1189 616 1262 'assertio
642 1188 733 1262 omni
757 1189 882 1286 pariter
907 1204 959 1262 est
983 1187 1201 1261 fundamento
1217 1187 1277 1262 de·

164 1301 297 1389 stituta;
325 1329 405 1375 nam
431 1304 570 1403 quando
596 1303 782 1377 christiana
807 1303 924 1401 religio
950 1302 1117 1375 introduci
1144 1303 1273 1402 eoepit,

162 1417 292 1491 invenit
304 1417 458 1517 quidem
471 1419 563 1516 leges
589 1420 724 1505 uiriles,
746 1418 806 1492 sed
825 1418 916 1516 leges
934 1418 1080 1505 invenit,
1102 1443 1191 1517 quae
1207 1419 1275 1503 viru

161 1532 394 1606 tautummodo
408 1533 587 1607 habuerint
597 1534 630 1607 in
642 1533 783 1608 effeetus
797 1533 913 1630 civiles
926 1533 1142 1620 matrimonii,
1154 1560 1275 1632 nempe

163 1647 198 1719 iu
228 1646 414 1720 ordiuead
441 1649 653 1737 societatem,
681 1665 718 1721 ut
744 1649 845 1748 paulo
870 1663 948 1720 ante
973 1647 1205 1721 adnotavimus
1226 1674 1277 1722 ‚ae

162 1778 282 1860 postea
306 1762 408 1835 etiam
432 1763 512 1836 data
527 1791 638 1864 opera
663 1764 899 1851 ostendemus,
923 1790 996 1837 uon
1021 1772 1154 1850 autem,
1180 1790 1276 1863 1quae

160 1875 335 1949 =affioerent
367 1876 533 1951 intimam,
550 1879 754 1952 matrimonii
786 1895 964 1965 naturam,
993 1905 1054 1951 seu
1079 1876 1275 1966 vinculum,

160 1992 254 2091 quod
284 2003 430 2066 nonest
460 2019 521 2067 neo
553 2020 630 2066 esse
654 2009 763 2093 potest
789 1993 956 2068 obiectum
989 1993 1074 2091 legis
1107 1993 1277 2068 humanae

163 2133 224 2183 seu
250 2108 372 2181 uirilis.
394 2108 429 2179 si
451 2136 519 2209 qua
544 2109 757 2182 matrimonia
782 2108 928 2182 invalide
953 2109 1135 2196 inirentur',
1156 2108 1190 2180 id
1209 2134 1276 2183 non

160 2223 383 2297 enasoebatur
409 2224 506 2297 ervi
532 2223 616 2320 legis
644 2223 826 2322 positivae,
857 2223 916 2294 sed
942 2249 983 2295 ex
1007 2222 1041 2294 vi
1067 2221 1151 2318 legis
1177 2233 1275 2295 natu·

158 2338 384 2437 rafim-quae
413 2339 527 2437 plures
558 2339 813 2411 coniunctiones
838 2336 1016 2435 improbat.
1039 2336 1080 2406 -Si
1106 2349 1177 2435 qua
1197 2361 1276 2412 vero

157 2453 529 2551 iniroutur‘ooniugia,
541 2478 631 2553 quae
649 2453 721 2526 iure
738 2469 879 2526 naturae
902 2448 1016 2524 valida
1040 2467 1176 2538 essent,
1197 2477 1276 2551 pro·

159 2568 249 2644 fectu
270 2569 313 2644 ob
336 2571 526 2669 principum
551 2569 643 2668 leges
669 2568 819 2644 inualida
837 2569 872 2641 iu
889 2560 959 2668 foro
980 2570 1190 2641 eonscientiae
1207 2594 1275 2643 nou

163 2683 400 2758 reddebantur.
419 2685 543 2758 Contra
558 2711 638 2758 vero
656 2684 686 2758 si
704 2709 793 2784 quae
814 2684 1126 2782 permittebantura
1143 2682 1276 2782 legibus

156 2799 348 2897 ,ooniugia,
381 2827 468 2900 quae
493 2800 734 2874 inminaturae
768 2799 1066 2899 improbarentur,
1089 2799 1202 2873 valida
1231 2798 1275 2872 ob

158 2915 330 2993 ,eiusmodi
355 2915 445 3013 leges
458 2955 460 2961 ·
472 2942 539 2989 nou
564 2915 808 2989 efficiebantur.
825 2917 945 2989 Verum
963 2915 1041 2989 dato
1061 2915 1162 2989 etiam
1183 2914 1274 3013 quod

158 3057 218 3106 res
236 3030 348 3105 adhue
365 3032 492 3106 ineerta
509 3033 572 3119 sit,
592 3031 758 3104 immerito
781 3047 892 3105 orator
908 3057 983 3104 eam
1000 3046 1169 3127 tamquam
1187 3028 1276 3127 prin

155 3147 300 3246 :cipium'
315 3149 554 3222 inoououssum
580 3174 620 3220 ac
646 3146 862 3220 ineluctabile
887 3145 1041 3220 assumit.
1116 3161 1118 3165 ’

175 3275 178 3337 3
208 3312 210 3316 »
236 3262 301 3337 Sed
328 3280 362 3336 et
386 3263 471 3335 illud
504 3263 655 3349 accedit,
684 3262 807 3335 falsum
833 3262 970 3335 omnino
995 3275 1072 3335 esse
1097 3259 1275 3334 ecelesiam

155 3377 295 3476 ,degibus
306 3380 480 3466 'ciuilibus
493 3406 579 3479 quas
592 3379 721 3452 invenit
733 3377 824 3452 ciroa
836 3376 1098 3464 matrimonium,
1111 3402 1148 3449 se
1161 3375 1276 3454 subie-

156 3493 264 3568 -oi'sse
287 3497 371 3568 Nam
394 3495 540 3569 ecelesia
560 3494 613 3567 vel
631 3522 652 3567 a
669 3495 742 3568 suis
767 3492 961 3593 primordiis
988 3492 1158 3592 propriam
1184 3508 1276 3566 auto

163 3609 311 3682 numiam
331 3610 511 3710 patefecit,
533 3636 572 3683 ac
589 3611 638 3683 uti
657 3611 793 3682 omnino
814 3609 1093 3708 independentem
1111 3635 1150 3681 se
1171 3608 1277 3704 gessit

155 3723 253 3801 ,eirea
278 3724 482 3797 matrimonii
513 3724 683 3823 politicam
710 3723 979 3820 legislationem
1015 3740 1115 3822 atque
1144 3739 1181 3795 ut
1214 3746 1276 3794 suo

164 3837 239 3912 loeo
261 3839 495 3925 ostendemus,
524 3854 595 3911 tum
621 3864 725 3912 novas
743 3864 783 3910 ao
800 3837 866 3910 sibi
885 3838 1040 3937 proprias
1061 3836 1212 3911 condidit
1228 3835 1276 3907 le-

160 3981 251 4053 ges,
285 3970 356 4027 tum
388 3955 479 4052 leges
510 3955 702 4056 imperiales
733 3953 984 4053 attemperavit,
1016 3968 1074 4026 aut
1103 3951 1278 4049 abrogavit

161 4071 286 4157 etiam3
317 4087 387 4143 tum
413 4072 442 4144 si
468 4100 556 4172 quae
581 4088 676 4145 eraut
700 4070 875 4157 innoxiae,
903 4095 947 4142 ne
971 4068 1088 4141 fideles
1120 4068 1276 4142 civilibus

153 4184 429 4279 destituerentur
455 4186 652 4271 effectibus,
682 4211 722 4258 ae
747 4183 934 4257 molestiam
968 4184 1189 4269 sustinerent,
1217 4201 1276 4254 eas

160 4300 374 4400 adoptando,
404 4329 485 4377 suas
518 4303 649 4390 effecit,
679 4327 809 4400 suaque
842 4299 1015 4373 sanotione
1041 4297 1212 4398 probavit.
1242 4296 1276 4368 Si
