2872 5062
232 332 301 404 336
423 351 484 402 xm.
506 351 529 401 1.
550 351 636 401 seer.
659 348 788 400 uxrem.
810 351 850 399 ne
868 349 999 403 uerna.
1021 351 1128 401 crvnr.

229 475 361 574 quotics
386 489 419 544 et
445 497 657 571 quacumque
688 496 858 544 excausa
890 489 985 543 actus
1015 470 1196 568 religiosus
1228 470 1337 544 locum

229 589 355 663 habere
367 588 566 688 nequiverit.
583 588 622 658 ln
635 586 691 660 his
708 585 877 686 quaedam
894 602 973 659 sunt
985 587 1070 659 satis
1087 603 1223 685 aperta,
1238 613 1340 686 quae

230 705 309 778 dam
325 730 405 779 vero
420 703 587 777 velamine
606 719 704 776 tecta.
725 703 829 777 Nobis
848 703 989 801 proinde
1006 728 1092 774 onus
1110 702 1343 776 incumbiteo

230 847 316 908 rum,
332 846 420 920 quae
432 834 549 917 aperta
561 835 652 904 sunt,
666 819 872 917 impietatem
885 817 1127 905 demonstrare,
1138 833 1173 890 et
1184 817 1339 891 velamen

229 934 405 1008 detrahere
430 935 492 1021 iis,
522 959 610 1033 quae
629 948 860 1030 conteguntur.

303 1049 496 1123 Catholicae
520 1049 762 1146 legislationis,
790 1075 877 1148 quae
905 1048 1068 1122 haetenus
1093 1049 1222 1146 viguit,
1251 1051 1340 1122 anti·

229 1165 414 1266 quandae,
450 1166 593 1264 eiusque
618 1164 653 1236 in
680 1164 789 1238 locum
822 1165 1081 1262 protestanticae
1112 1163 1339 1263 legislationis

230 1280 464 1379 subrogandae
491 1306 596 1353 causa
624 1281 735 1379 prima
766 1280 943 1353 adducitur
975 1282 1112 1378 spiritua
1144 1284 1204 1378 qui
1235 1296 1340 1354 ectcte

231 1397 291 1468 heo
308 1411 420 1467 nostra
437 1393 625 1466 hodiernam
642 1394 875 1466 humanitatom
892 1396 1060 1493 informat.
1082 1394 1249 1468 Nimirum
1261 1395 1340 1468 aliis

229 1509 343 1586 verbis
368 1511 476 1610 prima
495 1512 580 1583 ratio
604 1525 657 1583 est
680 1511 820 1610 spiritus
843 1511 1127 1609 protestantismi,
1143 1510 1203 1610 qui
1217 1510 1342 1585 invasit

230 1653 386 1726 magnam
404 1626 615 1700 comitiorum
634 1643 780 1725 partem,
801 1627 982 1725 praecipue
1000 1653 1079 1700 vero
1101 1624 1337 1724 leguleiorum,

228 1743 545 1843 levissimorumque
569 1741 809 1827 litteratorum,
833 1743 892 1840 qui
919 1768 981 1815 nec
1005 1740 1202 1839 religionem
1218 1732 1340 1814 'catha

229 1859 330 1933 licam
353 1859 440 1932 benc
464 1872 644 1943 noverunt,
665 1882 726 1929 neo
744 1857 1072 1956 protestantismum,
1096 1857 1193 1930 euius
1220 1857 1340 1955 spiritu

229 1975 355 2048 incauti
381 1974 537 2047 homines
562 1972 794 2045 informantur.
825 1972 936 2057 Haec,
966 1990 1002 2044 ut
1027 1973 1222 2058 innuimus,
1255 1973 1340 2045 satis

230 2107 344 2191 aperte
362 2090 497 2162 luerunt
513 2088 643 2188 prolata
660 2087 703 2160 ab
721 2113 776 2174 eo,
801 2087 860 2187 qui
879 2112 986 2159 novae
1002 2085 1088 2184 legis
1106 2086 1244 2159 schema
1261 2113 1339 2186 pre

230 2205 354 2307 posuit.
375 2203 418 2276 Et
435 2228 529 2290 sane,
557 2202 616 2302 qui
643 2200 730 2275 elius
755 2201 897 2301 spiritus
923 2228 1024 2300 quam
1049 2201 1336 2300 protestantismi,

229 2347 296 2396 non
315 2319 451 2421 quidem
473 2318 680 2417 dogmatici,
705 2317 764 2391 sed
786 2317 949 2391 increduli
969 2344 1008 2390 ec
1026 2317 1185 2415 negativi,
1215 2319 1341 2417 potuis

229 2454 282 2511 set
302 2436 457 2510 homines
475 2434 674 2521 informare,
691 2435 749 2535 qui
764 2433 829 2507 sub
842 2433 1073 2534 exquisitioris
1095 2433 1205 2506 cultus
1226 2433 1341 2534 specie

231 2578 298 2626 non
327 2551 525 2650 profitentur
550 2550 617 2622 nisi
644 2549 819 2647 religionis
852 2577 994 2637 nornen,
1023 2550 1083 2624 sed
1109 2565 1203 2622 raet
1228 2550 1340 2623 animo

229 2667 321 2739 athei
347 2683 426 2739 sunt
452 2665 618 2765 practici?
636 2664 701 2750 Qui
719 2691 760 2737 ex
776 2667 1049 2764 protestantismo
1068 2667 1167 2737 unice
1183 2683 1341 2738 mutuan-

230 2799 284 2855 tur
304 2780 420 2854 odium
437 2796 552 2856 contra
572 2806 746 2853 romanum
769 2781 963 2880 pontificem
980 2799 1014 2854 et
1030 2799 1145 2855 contra
1162 2781 1338 2856 ecclesiam

230 2897 451 2984 catholicam,
480 2924 500 2969 a
525 2922 593 2996 qna
618 2922 656 2969 se
680 2896 852 2971 vindicare
877 2898 1043 2994 gestiunt,
1065 2922 1105 2969 ao
1123 2899 1254 2970 interea
1271 2913 1340 2970 tum

230 3012 500 3089 catholicismum
514 3027 583 3086 tum
597 3011 905 3111 protestantismum
926 3011 1120 3110 despiciunt
1131 3027 1166 3084 et
1177 3009 1341 3084 irrident?

303 3129 425 3227 Utique
449 3126 527 3200 talis
548 3142 601 3200 est
621 3126 782 3226 spiritus,
799 3127 858 3226 qui
871 3125 971 3224 longe
983 3111 1116 3227 lateque
1128 3126 1336 3210 dominatur,

228 3260 349 3342 agente
374 3243 589 3342 potissimum
614 3241 877 3341 anglicanismo,
903 3243 962 3342 qui
991 3259 1061 3314 tum
1085 3268 1146 3340 per
1167 3241 1341 3315 societatis

228 3357 375 3432 biblicae
405 3356 617 3432 londinensis
648 3356 798 3430 membra
822 3373 855 3431 et
880 3373 1143 3457 cooperatores,
1182 3374 1255 3428 tum
1283 3383 1342 3455 per

229 3469 426 3545 emissarios
454 3472 606 3573 undique
635 3472 780 3546 dilhisos
804 3472 948 3572 pecunia
970 3471 1185 3572 potissimum
1211 3470 1341 3544 anima·

229 3614 304 3661 rum
334 3601 555 3661 mercaturam
588 3603 737 3677 exercet,
769 3603 803 3660 et
834 3586 876 3660 ad
903 3585 1168 3686 perduellionem
1194 3583 1341 3684 populos

229 3719 414 3778 commovet
441 3717 509 3775 tam
537 3701 732 3800 religiosam
754 3729 855 3803 quam
880 3701 1025 3774 civilem.
1052 3700 1206 3773 Pessima
1229 3715 1341 3772 autem

229 3817 313 3890 haee
334 3816 514 3919 dispositio
536 3815 595 3888 illa
619 3833 689 3904 est,
714 3843 814 3916 quam
839 3813 1070 3916 exquisitioris
1096 3811 1208 3887 cultus
1237 3813 1338 3886 deno

229 3932 414 4006 minatione
439 3931 713 4032 pseudo-politici
745 3930 975 4004 cohonestent.

303 4047 447 4121 Pronum
461 4074 501 4120 ex
515 4048 590 4121 istis
604 4062 656 4120 est
670 4045 843 4143 colligere,
861 4045 1016 4144 spiritum
1034 4042 1230 4117 huiusmodi
1249 4041 1341 4115 haud

230 4166 300 4263 pati
325 4190 426 4264 posse
451 4163 696 4260 legislationem
717 4161 760 4235 de
780 4162 993 4236 matrimonio
1014 4160 1221 4244 christiano,
1246 4156 1341 4258 prout

230 4306 337 4354 novus
361 4280 480 4377 legiler
505 4296 617 4354 noster
645 4279 789 4376 ingenue
815 4278 955 4364 latetur,
986 4278 1053 4352 imo
1078 4292 1111 4350 et
1142 4272 1336 4379 contendit;
