2872 5062
223 333 292 403 390
374 381 377 386 -
424 354 485 402 nn.
507 355 530 402 r.
552 353 639 404 seor.
660 354 791 404 iurem.
816 355 855 404 na
874 354 1006 406 sarmit.
1028 355 1136 406 orvrnr.

221 489 275 545 tur
291 474 382 568 (68).
395 471 473 557 Lex,
490 470 534 542 de
550 498 619 571 qua
636 471 782 568 agimus,
795 472 931 571 utrique
947 472 1159 547 subversioni
1177 488 1336 549 extranea

222 587 342 660 extitit.

294 703 452 804 Alioquin
480 704 555 803 pari
581 704 653 776 iure
678 704 802 777 inlerre
827 729 985 804 possem:
1014 704 1048 774 in
1074 703 1205 800 Belgio,
1235 731 1276 778 ao
1301 705 1337 777 in

223 821 402 894 Germania
427 835 506 892 nata
530 821 695 892 subversio
721 835 773 892 est
797 819 841 892 ob
866 819 972 916 legem
991 819 1034 891 de
1050 819 1267 893 matrimonio
1293 821 1340 892 oi-

220 937 280 1011 tili
299 936 370 1010 illio
387 939 576 1034 vigentem,
598 952 713 1009 contra
730 962 809 1009 vero
827 936 862 1007 in
882 935 1024 1034 imperio
1042 936 1195 1010 russiaoo
1221 936 1338 1009 nullus

221 1052 286 1124 luit
303 1051 360 1124 hio
377 1066 489 1124 motus
508 1077 548 1124 eo
567 1050 660 1149 ipso,
689 1049 779 1149 quod
806 1077 872 1123 non
898 1051 1025 1146 vigeret
1049 1049 1227 1122 haee'lex.
1245 1049 1338 1134 Quid

222 1183 398 1266 reponeret
423 1164 664 1239 adversarius?

295 1279 470 1352 Caeterum
495 1280 682 1366 affirmare,
712 1280 803 1379 quod
828 1279 881 1352 lex
906 1279 949 1352 de
974 1279 1131 1376 ooniugio
1155 1279 1248 1353 civili
1273 1279 1342 1351 uti-

223 1397 357 1469 lissima
375 1397 419 1468 sit
437 1395 608 1482 moribus,
629 1395 769 1494 perinde
794 1412 846 1468 est
870 1421 910 1468 ao
936 1395 1024 1469 serio
1049 1395 1220 1468 affirmare
1237 1395 1344 1494 pesti-

221 1511 360 1585 lentiam
377 1510 565 1584 conducere
583 1511 626 1582 ad
647 1511 735 1582 aeris
753 1509 1003 1596 salubritatem,
1024 1509 1174 1608 inopiam
1193 1511 1236 1583 ad
1253 1537 1342 1608 opu-

223 1626 382 1713 lentiam,
404 1625 509 1723 frigus
526 1625 569 1697 ad
588 1641 730 1698 aestum.
750 1626 834 1698 vllere
852 1625 920 1712 his,
938 1627 997 1724 qui
1015 1626 1061 1697 ita
1079 1624 1336 1711 ratiocinantur,

223 1740 388 1840 applicari
415 1739 500 1812 illud
525 1755 635 1838 potest
660 1738 830 1838 Apostoli:
854 1770 872 1807 a
886 1739 952 1824 Qui
970 1739 1120 1813 dieentes
1140 1765 1178 1812 se
1195 1765 1274 1814 esse
1291 1766 1345 1812 sa-

223 1856 352 1956 pientes
373 1855 466 1928 stulti
485 1853 564 1928 laeti
583 1871 662 1928 sunt
678 1858 793 1949 (69).»

641 2109 850 2165 ARTICULUS
868 2109 921 2163 lll.

257 2287 468 2364 Expenduntur
489 2294 663 2363 argumenta
682 2305 735 2364 pro
755 2289 819 2365 lege
832 2288 893 2370 *snb
913 2294 1029 2364 aspectu
1050 2291 1136 2347 etlam
1158 2287 1294 2365 religioso

675 2394 705 2445 et
726 2386 881 2446 catholico.

733 2558 763 2647 ς.
794 2555 820 2624 l.

556 2717 717 2784 Theologicae
731 2719 852 2784 quaedam
868 2718 1002 2773 doetrinae.

298 2900 372 2972 Non
398 2897 578 2970 defuerunt
600 2897 636 2968 in
662 2897 807 2970 comitiis
840 2896 1030 2996 subalpinis
1063 2896 1232 2996 theologi,
1262 2900 1342 2975 linet

228 3014 319 3087 laici.
337 3014 392 3087 Sic
408 3010 511 3110 igitur
536 3028 728 3086 senatorum
753 3039 843 3085 unus
868 3010 1102 3109 argumentum
1128 3012 1342 3113 deprompsit

226 3123 270 3200 err
281 3129 357 3228 ipso
370 3127 558 3225 theologiae
576 3153 678 3226 penu.
695 3125 894 3225 Exemplum
912 3127 1029 3226 populi
1047 3127 1172 3201 iudaioi
1187 3145 1220 3201 et
1233 3130 1341 3202 ethni-

224 3268 364 3328 eorum,
385 3243 444 3342 qui
463 3242 712 3315 matrimonium
738 3258 901 3341 perpetuo
926 3243 975 3315 uti
999 3258 1113 3316 aetum
1133 3242 1275 3316 'civilem
1293 3245 1342 3317 si-

222 3357 292 3430 mul
318 3374 351 3430 et
379 3383 513 3430 sacrum
539 3373 756 3456 spectarunt,
785 3357 829 3429 ad
854 3384 924 3429 rem
949 3383 1016 3430 non
1031 3358 1207 3455 pertinet,
1237 3381 1343 3458 quum

222 3499 329 3573 penes
361 3474 519 3573 antiquos
546 3473 688 3573 populos
714 3473 1032 3572 utraque'potestas
1058 3473 1176 3547 civilis
1196 3474 1342 3548 aoreli-

222 3588 318 3685 giosa
336 3602 450 3660 essent
468 3587 687 3674 coniunctae;
709 3604 824 3660 eontra
841 3613 919 3660 vero
937 3614 998 3660 eae
1015 3588 1187 3662 seiunctae
1206 3590 1339 3662 suntin

223 3703 298 3800 lege
314 3701 525 3800 evangeliea,
547 3729 652 3801 quum
671 3716 874 3800 protestatus
893 3702 939 3774 sit
956 3701 1176 3800 Redemptor,
1197 3729 1339 3800 regnum

224 3845 323 3890 suum
349 3843 415 3890 non
440 3843 517 3889 esse
535 3817 579 3888 de
597 3816 662 3890 hoo
679 3816 805 3889 mundo
822 3818 910 3910 (70).
928 3816 1000 3890 lloe
1025 3833 1258 3913 argumentum
1279 3819 1341 3891 ite-

295 4080 345 4144 (68)
360 4080 400 4130 ct.
412 4079 507 4142 insigne
516 4091 593 4142 opus:
610 4081 644 4128 Le
659 4077 793 4141 metropole
811 4079 998 4128 ttrrtversttetre
1016 4076 1185 4128 destruetear
1203 4077 1237 4128 de
1256 4077 1285 4128 la
1303 4080 1343 4127 rt·

186 4202 193 4213 ,
226 4157 306 4223 ltqten
321 4161 348 4209 et
365 4157 410 4208 des
428 4157 486 4208 lota.
502 4159 573 4221 Lyon
585 4159 653 4207 rotz.

295 4237 346 4300 (aa)
361 4240 434 4289 Rom.
446 4239 472 4301 1,
484 4244 523 4288 22.

295 4319 346 4379 (7⁰)
359 4319 455 4369 &nato
470 4316 515 4367 del
528 4315 788 4380 semronmaron
800 4315 955 4368 renident).
968 4328 1022 4380 pag.
1037 4323 1089 4367 rto.
