2872 5062
214 351 261 425 tt
406 369 468 424 nu.
488 372 513 425 ι.
532 371 619 429 eser.
640 369 664 421 1.
684 372 726 422 ne
754 371 886 425 nonu.
906 369 1124 424 sumerum.

213 489 310 569 dooet
328 514 348 562 e
371 503 490 567 nmure
513 488 601 569 seori
625 488 802 565 ministerii
826 488 1324 591 praeascendentem

211 608 295 681 ratio
318 607 545 705 mysteriorum
560 606 625 677 Dei
642 605 750 678 saeris
774 604 939 684 ministris
963 603 1163 703 generaliter
1184 604 1324 703 adserto

212 735 284 808 est,
304 746 427 820 uque,
454 734 491 795 ot
508 721 543 791 io
560 745 623 791 eoo
648 719 822 795 recedatur
845 735 1075 807 sacramento,
1103 717 1236 798 nullum
1257 746 1323 799 teu

211 860 243 911 s.
258 835 464 935 scripturae,
484 835 557 909 sive
572 834 682 933 primu
703 835 845 909 eeclesia
868 835 1122 913 fundamentum
1141 834 1318 934 praebent.

212 950 329 1050 {tuque
353 950 410 1024 hie
434 966 550 1024 auctor
572 951 716 1025 assumit
730 978 772 1024 ex
788 950 890 1025 ussuto
907 950 1097 1025 testimonio
1112 949 1323 1028 sacerdotem

211 1065 371 1147 connubii
387 1065 564 1145 christiani
580 1065 771 1140 ministrum
787 1063 963 1140 declarari.
976 1066 1018 1139 Et
1033 1065 1081 1139 itu
1096 1090 1195 1169 porro
1206 1081 1325 1143 aucto

210 1207 266 1256 ree
291 1179 413 1280 reliqui
437 1181 555 1254 eudem
578 1181 679 1281 plene
702 1181 830 1256 ratione
847 1206 888 1255 ex
905 1181 970 1255 hoo
988 1179 1125 1279 paulino
1142 1195 1235 1277 textu
1250 1206 1323 1259 rem

211 1319 308 1367 suem
338 1294 534 1382 conficiunt,
562 1296 645 1394 quin
671 1321 810 1369 neeesse
834 1296 879 1370 sit
903 1294 1112 1392 singulorum
1134 1293 1239 1375 verbe
1262 1294 1324 1373 ds·

210 1407 373 1497 scribere,
399 1435 487 1508 quae
511 1409 646 1482 tandem
671 1409 788 1482 eodem
814 1409 978 1483 recidunt.

282 1521 366 1595 Cum
377 1549 456 1597 vero
469 1522 534 1597 hoe
546 1523 656 1597 solum
668 1525 714 1597 sit
725 1523 980 1610 documentum,
996 1521 1087 1622 quod
1099 1523 1322 1622 exscriptore
1351 1587 1357 1597 ,

209 1637 435 1737 depromitur,
463 1664 531 1713 non
555 1655 608 1714 est
630 1637 721 1740 quod
746 1638 875 1719 diutius
895 1639 929 1717 in
946 1637 1010 1715 hoo
1027 1637 1245 1741 inquisitione
1261 1638 1322 1711 de-

210 1768 386 1826 doeemur.

622 1920 830 1985 turtcuws
848 1921 885 1975 11.

558 2064 738 2142 Argumenta
756 2063 962 2139 tredttionetio.

280 2211 554 2291 Traditionelium
576 2227 844 2310 argumentorum
863 2209 998 2283 nomine
1013 2207 1235 2306 intelligimus
1258 2211 1324 2285 do-

207 2343 382 2414 cumenta,
402 2353 463 2410 seu
479 2326 591 2400 media
607 2327 682 2416 itta,
706 2353 767 2426 per
783 2352 871 2426 quae
887 2324 932 2398 ud
948 2351 1010 2399 nos
1027 2325 1168 2424 entique
1183 2324 1323 2405 traditio

206 2442 378 2541 pervenit,
397 2458 499 2542 atque
516 2443 614 2523 nobis
635 2443 754 2516 eedem
778 2441 912 2514 traditio
937 2439 1126 2515 innotescit.
1139 2438 1320 2520 Eiusmodi

206 2581 308 2654 porro
331 2556 554 2639 instrumenta
576 2573 756 2631 censentur
778 2581 857 2629 esse
883 2570 1034 2636 veterum
1057 2570 1191 2654 patrum
1212 2571 1334 2656 etque.

205 2670 408 2768 scriptorum
424 2671 727 2747 ecelesiasticorum
748 2671 850 2743 effata
871 2696 911 2744 ae
930 2671 1138 2759 testimonia,
1163 2696 1322 2752 mutuno·

207 2810 281 2856 rum
298 2785 493 2884 pontificum
506 2801 538 2858 et
549 2785 782 2872 conciliorum,
799 2785 1088 2858 oecumenicorum
1101 2785 1318 2883 praesertim,

205 2888 340 2981 &oreta
362 2915 464 2998 etque
492 2900 700 2988 sanctiones,
728 2925 768 2973 oo
791 2900 968 2973 universae
993 2899 1129 2973 demum
1155 2899 1322 2977 eeclesiae

206 3039 333 3113 prens.

277 3130 366 3205 Sene
382 3130 467 3214 hueo
483 3144 563 3205 sunt
579 3129 780 3203 documenta
796 3127 867 3216 illa,
883 3127 1007 3227 quibus
1020 3126 1064 3200 ad
1077 3126 1320 3212 adstruendum

205 3240 327 3328 thesim
352 3270 449 3318 suem
480 3245 585 3327 utitorr
608 3243 739 3333 Genus,
773 3243 869 3318 erius
901 3241 1005 3317 verbu
1033 3243 1100 3315 inm
1134 3241 1315 3335 describo,

203 3383 358 3456 quaeque
379 3358 426 3431 ita
447 3386 485 3443 se
505 3359 647 3434 hebent:
671 3359 745 3433 edo
762 3375 894 3458 potrum
910 3356 1048 3456 quidem
1064 3357 1227 3439 memorie
1242 3384 1320 3439 ms-

203 3470 396 3557 trimonium
417 3475 551 3573 proprie
574 3501 651 3548 esse
676 3490 941 3560 sacramentum,
968 3473 1016 3545 ite
1039 3472 1175 3553 demum
1200 3473 1319 3571 prodi-

202 3600 274 3669 tum
290 3601 363 3676 est,
383 3588 413 3662 si
431 3590 613 3673 sucerdotis
630 3590 852 3663 ministerium
869 3588 1077 3663 interveniet.
1090 3587 1147 3660 Sie
1163 3586 1320 3675 (lelixtus

200 3699 239 3772 in
262 3701 373 3800 Epist.
395 3703 439 3778 ed
463 3730 580 3778 omnes
605 3704 786 3779 Galliarum
811 3705 990 3804 episcopos
1015 3701 1128 3802 prodit
1154 3703 1185 3783 1,
1210 3729 1247 3802 q.
1276 3704 1315 3779 t.

201 3840 279 3915 cup.
294 3818 624 3918 Gomooqoioeosum.
646 3820 702 3893 Sic
725 3820 868 3894 Ciricius
892 3819 936 3893 ud
958 3819 1146 3894 Comerium
1167 3833 1320 3900 amoo-

201 3956 280 4011 nen.
296 3934 510 4032 episcopum,
526 3961 602 4034 cap.
622 3938 655 4006 t.
673 3936 728 4016 Sic
746 3935 923 4022 Niooleus,
946 3937 1004 4006 tt.
1026 3948 1158 4033 quaest.
1181 3933 1216 4009 2.
1229 3958 1313 4032 cop,

200 4043 385 4120 lothorius.
404 4048 460 4119 Sio
476 4048 694 4137 Hormisdou,
714 4049 904 4137 Evenistus,
924 4049 1091 4135 Isidoms,
1111 4072 1198 4147 quos
1213 4047 1320 4129 refert

202 4158 379 4247 (intimus
393 4166 496 4265 tuq.
508 4168 542 4236 5.
553 4165 740 4264 prodidere.
752 4166 807 4237 Sic
819 4163 1000 4240 concilium
1013 4162 1244 4260 carthaginen.
1254 4162 1313 4236 tv,

200 4300 231 4347 c.
244 4277 303 4350 tt.
318 4281 524 4380 mumurque
537 4283 596 4354 3⁰.
609 4307 644 4380 q.
659 4285 693 4354 5.
706 4308 736 4354 e.
747 4283 906 4380 ripenses.
920 4281 977 4357 sic
992 4279 1172 4361 concilium
1189 4276 1320 4376 lugdu«
