2872 5062
249 385 319 436 eir.
336 385 380 435 rv.
399 384 439 434 nn
452 384 569 435 aneon.
584 385 641 433 rao
655 383 733 434 nucu
747 384 786 433 nn
800 379 895 435 narn.
909 381 973 435 civ.
992 382 1062 435 aar.
1075 386 1122 436 111.
1201 358 1268 434 iot

233 505 329 590 Quod
357 505 385 576 si
412 495 588 578 concilium
624 503 840 576 tridentinum
865 529 926 603 per
948 504 1085 576 modum
1111 505 1271 578 reforma-

159 621 277 707 tionis,
299 647 365 694 non
379 647 438 719 per
450 620 673 717 dogmaticam
695 620 923 693 definitionem
945 620 1106 708 sancivit,
1121 638 1159 693 ut
1176 621 1270 693 dein·

158 763 240 836 ceps
266 736 331 808 sub
356 721 521 808 nullitatis
545 759 674 835 poena,
695 735 730 807 in
749 735 833 808 lacis
857 736 1019 808 ecclesiae
1046 736 1202 833 coniugia
1219 761 1271 809 ce-

160 850 388 936 lebrarentur,
418 850 504 923 ratio
529 867 599 937 est,
626 850 708 949 quia
729 849 899 923 substrata
923 851 1081 938 materia,
1110 876 1199 950 quae
1223 851 1272 922 di-

159 965 352 1064 sciplinaris
378 980 448 1052 est,
477 965 702 1062 dogmaticam
728 966 958 1039 definitionem
979 993 1045 1039 non
1066 966 1267 1065 patiebatur.

159 1080 313 1155 Attamen
339 1080 542 1181 principium
563 1082 618 1153 cui
637 1081 807 1154 decretum
830 1082 1046 1154 tridentinum
1068 1082 1274 1155 innitebatur

157 1190 211 1271 est
229 1197 477 1292 dogmaticum,
507 1212 655 1295 potestas
674 1224 794 1296 nempe
810 1225 879 1296 qua
896 1197 1001 1296 pollet
1016 1198 1159 1272 ecclesia
1178 1197 1272 1295 leges

160 1313 400 1412 disciplinatas
426 1311 605 1384 condendi.

233 1428 330 1515 Quod
350 1427 467 1500 attinet
486 1417 529 1499 ad
547 1427 723 1500 historiam
750 1429 1013 1503 ecclesiasticam
1036 1429 1266 1515 recentiorem,

161 1534 286 1618 salsum
311 1559 364 1616 est
389 1568 562 1615 romanam
588 1542 702 1615 sedem
729 1544 840 1618 nullas
866 1545 988 1618 iecisse
1013 1545 1056 1618 de
1081 1545 1173 1619 civili
1201 1569 1273 1616 ma-

160 1659 319 1732 trimonio
340 1657 643 1756 expostulationem
663 1674 763 1757 prout
779 1675 971 1758 temporum*
993 1660 1127 1734 illorum
1147 1659 1274 1758 iniqui-

162 1791 213 1847 tas
239 1773 377 1846 ferebat.
402 1773 536 1846 Etenim
563 1773 749 1847 universim
775 1776 988 1849 matrimonia
1013 1776 1127 1849 civilia
1150 1776 1275 1874 impro·

161 1889 272 1976 bavit,
301 1892 406 1989 quum
439 1890 623 1986 generatim
650 1890 694 1960 de
719 1890 870 1964 articulis
896 1892 1065 1988 organicis
1092 1904 1276 1991 conquesta

161 2022 233 2091 est3
263 2003 324 2077 sed
350 2004 565 2102 potissimum
589 2006 677 2102 sacto
699 2030 739 2078 ao
755 2006 851 2105 praxi
874 2007 1021 2079 ostendit
1044 2007 1128 2106 quid
1149 2006 1193 2078 de
1212 2005 1276 2079 bu-

163 2120 310 2193 iusmodi
344 2119 569 2192 matrimoniis
606 2121 755 2193 sentiret.
795 2121 968 2193 Proferam
1002 2121 1187 2194 adversarii
1220 2120 1274 2192 vel

162 2261 268 2307 unum
294 2235 546 2308 matrimonium
573 2261 663 2308 mere
693 2235 791 2308 civile
815 2237 850 2306 in
877 2235 995 2309 Galliis
1023 2236 1077 2309 vel
1102 2237 1136 2307 in
1162 2234 1275 2332 Belgio

161 2350 387 2438 celebratum,
416 2349 507 2450 quod
539 2376 677 2423 romana
701 2351 800 2424 sedes
831 2368 868 2423 ut
893 2366 1001 2423 ratum
1026 2377 1066 2424 ac
1088 2349 1275 2449 legitimum

165 2466 406 2563 recognoverit.
432 2468 501 2539 Nos
525 2492 604 2540 vero
629 2466 750 2540 idoneo
774 2466 848 2539 loco
874 2466 1075 2540 documenta
1092 2466 1270 2551 dabimus,

164 2581 289 2680 quibus
308 2581 453 2680 positive
470 2581 599 2653 mmani
619 2580 797 2678 pontifices
820 2580 932 2654 omnia
954 2607 1093 2680 prorsus
1107 2579 1273 2653 eiusmodi

163 2696 324 2793 coniugia
348 2694 443 2770 nulla
468 2721 507 2768 ac
528 2696 624 2768 irrita
648 2695 874 2770 declararunt.
896 2698 983 2770 Sane
1000 2695 1114 2796 paullo
1132 2711 1211 2770 ante
1228 2710 1278 2769 at-

164 2809 303 2882 tulimus
326 2809 542 2882 ineluctabile
567 2811 874 2912 gravissimumque
900 2812 951 2882 Pii
972 2813 1028 2882 lll.
1045 2811 1278 2884 testimonium

163 2925 207 2998 de
231 2925 423 3000 extantibus
453 2926 489 2997 in
516 2926 694 2999 Tabulario
720 2953 857 3001 romano
882 2927 996 3001 multis
1030 2925 1277 3000 reclamationis

164 3041 328 3139 exemplis
355 3041 520 3113 adversus
550 3040 642 3138 legas
668 3041 710 3113 de
735 3044 949 3116 matrimonio
974 3041 1089 3129 civili,
1122 3041 1211 3127 etsi,
1239 3056 1279 3112 ut

164 3156 314 3245 videtur,
343 3158 378 3228 in
403 3157 524 3254 vulgus
551 3157 660 3229 editae
686 3157 938 3231 reclamationes
956 3156 1034 3230 illae
1051 3182 1118 3230 non
1134 3156 1271 3229 luerint.

238 3272 334 3358 Quod
363 3299 442 3346 vero
468 3288 597 3372 spectat
613 3273 656 3345 ad
676 3272 851 3346 historiam
873 3273 999 3346 Galbae
1025 3272 1126 3345 relate
1151 3272 1195 3344 ad
1222 3297 1279 3344 ac·

166 3388 390 3487 ceptationem
426 3386 627 3486 disciplinae
649 3414 669 3459 a
693 3387 887 3460 tridentinis
912 3386 1066 3486 patribus
1092 3384 1274 3473 inductae,

165 3529 268 3602 quam
294 3503 433 3602 quidam
454 3502 701 3576 exoratoribus
726 3503 908 3577 affirmavit
927 3502 1071 3576 Galliam
1095 3527 1278 3601 numquam

165 3617 368 3705 admisisse,
388 3643 504 3690 verum
522 3643 590 3690 non
609 3635 678 3704 est;
700 3617 861 3718 pleraque
886 3619 976 3691 enim
1001 3618 1205 3717 disciplinae
1222 3641 1279 3689 ca·

166 3733 280 3830 pitaa
305 3733 448 3807 concilio
473 3734 653 3807 constituta
680 3733 715 3805 in
741 3733 859 3807 Galliis
885 3750 1018 3834 recepta
1044 3748 1147 3820 sunt,
1168 3755 1209 3804 ac
1231 3730 1278 3804 vi-

167 3864 247 3945 gent
263 3850 352 3943 (tta).

240 4015 290 4079 (aa)
305 4019 336 4066 D.
347 4019 381 4067 tt,
394 4017 498 4068 Charias
513 4018 538 4067 in
557 4032 599 4082 op.
615 4021 755 4070 Tractatum
768 4018 800 4070 dc
812 4019 980 4071 libertatibus
993 4018 1115 4070 crebrius
1130 4016 1280 4081 pellicanus

166 4096 254 4148 Leodli
266 4101 334 4148 ittet.
346 4099 407 4147 ini.
418 4098 461 4148 lib.
473 4103 566 4162 x.cap.
577 4102 619 4149 vl.
630 4113 657 4150 n.
668 4107 706 4150 at.
718 4100 769 4150 duo
778 4100 897 4152 affirmat:
911 4099 991 4165 primo
1006 4099 1096 4150 laisum
1109 4112 1163 4150 esse
1171 4099 1281 4162 accepta·

164 4175 259 4226 tiouem
270 4188 324 4226 esse
334 4177 496 4229 neeessariam
505 4179 533 4227 ut
543 4178 582 4228 lex
594 4177 686 4242 obliget
696 4179 778 4243 (quod
788 4180 838 4230 iam
849 4179 1023 4230 ostenderetis
1035 4180 1068 4229 11.
1078 4178 1159 4241 libro;
1172 4177 1281 4230 secundo

165 4255 255 4306 laisum
272 4268 326 4306 csse
343 4256 438 4307 nuliam
458 4257 556 4307 concilii
574 4258 702 4309 tridentini
722 4259 799 4323 legem
815 4261 966 4324 acceptatam
980 4259 1056 4310 luisse
1065 4258 1091 4309 in
1100 4258 1201 4321 Galliis3
1213 4257 1281 4322 quod

165 4333 257 4384 sunsit
266 4333 365 4386 decrdo
376 4335 435 4386 cleri
446 4336 559 4399 gallicani
570 4349 610 4387 an.
621 4343 688 4389 teat.
700 4337 767 4388 edito
777 4338 802 4388 in
813 4340 881 4390 tomo
892 4341 912 4389 1.
924 4341 1051 4391 Actorum
1061 4338 1135 4390 clem.
1148 4339 1226 4389 Porro
1237 4336 1281 4388 tm·
