2872 5062
309 363 378 413 cxr.
396 364 431 412 u.
449 363 487 411 nr
506 363 600 411 narr.
619 362 681 410 arv.
699 361 783 411 oure.
802 363 840 413 m
858 363 1058 424 anconam.
1078 366 1101 413 1.
1199 344 1266 417 267

162 480 253 555 Nihil
280 479 381 577 igitur
405 505 582 551 commune
614 477 715 550 habet
744 478 883 551 istorum
917 478 1158 554 haereticorum
1193 506 1271 556 sen*

162 596 267 671 tiendi
289 595 374 673 ratio
394 621 471 667 cum
491 621 542 681 eo,
559 594 601 666 de
614 620 680 692 quo
697 593 827 690 agimus
846 612 1059 692 argumento,
1081 623 1143 671 uec
1159 597 1269 675 ideam

161 714 314 809 ingerere
336 724 516 810 potuerunt
541 709 583 782 de
608 709 776 783 connubio
801 736 892 782 mere
916 709 1024 797 civili,
1049 712 1132 811 quin
1159 713 1270 810 potius

163 828 255 901 istud
280 827 424 898 maxime
445 852 485 897 ax
511 826 583 897 suis
609 823 784 923 principiis
811 826 955 898 aversati
979 825 1134 900 luissent.
1209 850 1213 856 ’

236 941 482 1016 concludamus
505 940 605 1036 igitur
627 966 765 1015 neeesse
788 957 841 1013 est
866 967 906 1012 ex
928 941 1090 1016 hactenus
1113 944 1270 1042 expensis

160 1059 199 1141 in¹
217 1057 417 1156 antiquitate
434 1056 506 1130 sive
522 1056 751 1129 ecclesiastica
766 1057 838 1131 sive
858 1057 998 1157 prolana
1009 1058 1168 1156 coniugia
1180 1085 1271 1135 mere

159 1174 273 1248 ciuilia
298 1173 414 1270 ignota
440 1171 541 1270 plane
563 1172 680 1245 fuisse.

584 1406 793 1463 ARTlCULUS
814 1407 850 1463 ll.

311 1578 410 1637 Prima
430 1580 511 1655 origo
532 1577 711 1638 Matrimonii
730 1578 825 1638 clvllls
842 1581 917 1638 inter
938 1566 1113 1639 christianos
1127 1589 1133 1659 f

452 1692 470 1735 a
490 1679 726 1751 protestantismo
745 1677 899 1753 repetenda
919 1682 971 1738 est.

234 1869 407 1943 Pessimus
433 1869 571 1941 allectus
593 1868 659 1941 nisi
680 1897 700 1941 a
720 1870 869 1968 pessima
893 1896 996 1945 causa
1022 1870 1197 1969 provenire
1217 1884 1273 1972 po

158 2001 238 2074 test;
268 2011 347 2058 nam
373 1985 408 2056 in
435 2012 497 2058 sua
522 2011 626 2059 eausa
650 1986 789 2076 allectus
814 1986 975 2059 contineri
990 1987 1108 2062 debet.
1130 1989 1272 2062 Pratum

156 2116 270 2175 autem
296 2126 371 2173 esse
397 2099 590 2195 coniugium
615 2125 706 2172 mere
731 2098 829 2172 civile
853 2114 928 2199 post
953 2127 1009 2188 ea,
1038 2127 1127 2199 quae
1152 2101 1188 2173 in
1212 2127 1272 2175 su·

158 2215 281 2317 periori
309 2215 418 2314 capite
442 2215 674 2301 ostendimuS,
702 2241 807 2289 sanus
832 2215 979 2314 quisque
995 2215 1168 2302 letabitur,
1190 2242 1273 2314 qua-

158 2348 295 2432 propter
318 2357 384 2405 non
406 2330 543 2403 aliunde
564 2357 816 2430 quamaprava
840 2357 945 2404 causa
968 2328 1274 2427 originemduceie

157 2449 276 2546 potuit.
310 2447 359 2520 Ea
383 2473 482 2546 porro
515 2463 567 2520 est
600 2447 906 2545 protestantismus.
936 2447 1102 2521 Nimirum
1131 2447 1274 2546 pseudo

158 2563 313 2663 politici,
342 2562 400 2660 qui
433 2561 520 2634 inter
543 2560 726 2635 catholicos
750 2561 954 2635 matrimonii
979 2561 1088 2636 civilis
1119 2575 1273 2636 auctores

157 2693 257 2765 sunt,
286 2677 364 2751 licet
388 2704 434 2750 se.
450 2703 488 2750 se
512 2677 695 2751 catholicos
721 2677 964 2776 profiteantur,
994 2676 1084 2751 hanc
1107 2677 1272 2751 theoriam

158 2819 179 2865 e
203 2792 458 2890 protestantium
484 2792 635 2866 doctrina
659 2793 830 2880 derivant,
860 2793 951 2892 quod
976 2793 1114 2892 quidem
1140 2793 1274 2867 demon·

162 2906 345 2981 strabimus
367 2934 408 2979 ex
429 2908 514 3005 ipsis
532 2909 796 3007 protestantismi
818 2908 908 2982 cirea
931 2908 1178 2984 matrimonium
1202 2923 1273 2980 tum

163 3021 318 3122 placitis,
345 3038 416 3095 tum
437 3025 553 3122 praxi,
578 3040 648 3096 tum
671 3024 818 3122 denique
844 3050 885 3095 ex
909 3050 968 3108 eo,
993 3022 1102 3121 quod,
1126 3022 1186 3120 qui
1203 3048 1275 3095 ma-

158 3139 316 3212 trimonio
333 3140 448 3210 lavent
466 3137 555 3211 civili
568 3197 575 3225 ,
597 3139 699 3211 iidem
712 3153 745 3212 et
758 3138 1029 3237 protestantismo
1041 3152 1078 3208 ut
1091 3136 1273 3236 plurimum

159 3253 271 3326 lavere
297 3251 439 3325 soleant.

231 3367 450 3466 Exploratum
474 3383 545 3453 est,
565 3383 603 3439 ut
620 3395 640 3440 a
657 3368 805 3440 doctrino
831 3367 963 3439 initium
991 3367 1174 3454 faciamus,
1196 3392 1274 3466 pro-

160 3497 339 3570 testantes,
368 3483 512 3557 Luthero
540 3483 650 3572 duce,
679 3499 795 3557 contra
821 3482 1034 3582 superiorum
1062 3483 1274 3560 saeculorum

159 3597 392 3670 firmissimam
419 3597 541 3685 fidem,
570 3600 638 3672 imo
664 3616 698 3672 et
721 3615 837 3672 contra
862 3599 1105 3697 professionem
1129 3597 1274 3672 haereti-

156 3737 294 3797 eorum,
317 3712 376 3810 qui
397 3713 676 3810 praecedentibus
702 3713 866 3787 aetatibus
889 3713 1065 3787 ecclesiam
1085 3712 1271 3798 turbarunt,

158 3829 290 3927 primos
307 3827 481 3915 extitisse,
502 3830 563 3927 qui
580 3829 705 3903 directe
723 3829 864 3902 inficiati
882 3816 1006 3901 luerint
1026 3825 1274 3898 matrimonium

159 3967 237 4016 esse
262 3969 340 4016 vere
365 3958 397 4014 et
423 3944 558 4044 proprie
580 3972 685 4017 unum
711 3971 750 4016 ex
777 3959 904 4044 septem
929 3941 1132 4040 evangelicis
1159 3964 1275 4013 sacra-

159 4057 284 4131 mentis
302 4085 323 4130 a
340 4057 475 4134 Christo
499 4059 642 4133 Domino
668 4059 830 4134 institutis
851 4061 939 4155 (ld).
959 4056 1069 4144 Quum
1087 4070 1197 4128 autem
1215 4054 1274 4127 de-

231 4244 284 4307 (no)
294 4245 339 4296 (ll.
351 4248 452 4297 Bossuet
468 4249 583 4298 Histoire
592 4246 638 4298 des
649 4249 795 4298 variatione
804 4246 847 4297 liv.
857 4244 1020 4308 x1.§.1t7.et
1029 4243 1052 4306 §.
1061 4240 1222 4306 mammes.
1231 4241 1273 4294 cit.

161 4325 222 4373 lom.
237 4326 292 4373 xx,
