2872 5062
167 356 211 427 at
301 364 315 385 ’·
376 376 436 424 us.
457 376 480 424 ι.
503 374 589 425 seer.
610 375 687 424 sne
704 374 836 425 samm.
850 374 1063 426 suessanum.

160 493 261 568 habet
277 494 428 565 conferre
444 492 585 588 gratiam
606 491 802 564 adiutricem
819 491 863 564 ad
882 491 947 565 hoc
962 490 1053 592 quod
1071 493 1154 564 scien
1170 511 1274 567 aaut·

160 612 294 709 quisque
318 632 378 681 oca
407 633 501 680 soom
528 607 691 706 poseid'erc
714 610 751 679 in
775 609 1027 707 sanctificatione
1052 622 1083 679 et
1108 609 1270 682 tunm.»

231 726 372 824 Demum
390 724 424 795 in
444 722 550 797 codol.
574 725 608 795 3:
630 724 778 796 confuta
802 723 990 797 contrariae
1011 722 1197 797 sententiae
1220 746 1276 799 ru-

160 841 269 936 tiones‘
285 839 481 938 desumptas
506 862 548 910 ex
565 863 605 910 eo
630 837 722 936 qnod
737 837 987 910 matrimonium
1004 836 1134 937 aliquid
1151 839 1275 914 habeat

160 954 225 1027 sibi
250 953 425 1053 proprium
448 958 516 1024 non
543 972 718 1024 commune
743 952 865 1024 ceteris
893 953 1132 1040 sacramentis,
1162 958 1279 1027 ostem·

159 1069 243 1141 dens
270 1067 380 1166 qued,
408 1066 439 1139 si
471 1064 656 1138 eiusmodi'
669 1065 814 1140 rationes
849 1066 1025 1167 quidpiam
1049 1067 1278 1140 vaierentud

159 1180 380 1257 evincendum
417 1181 665 1254 matrimonium
699 1205 765 1254 non
799 1204 876 1254 esse
913 1198 1160 1255 sacramentum
1197 1194 1280 1284 vete

159 1317 192 1373 et
229 1301 387 1398 proprie,
420 1312 535 1398 neque
558 1299 707 1371 conferre
741 1298 882 1395 gratiam
912 1324 952 1370 ax
982 1323 1084 1398 opem
1111 1310 1277 1397 operato,-

159 1420 275 1516 possct
299 1415 373 1515 ipse
395 1415 557 1511 'eriucere
577 1413 707 1486 nullum
739 1438 879 1512 prorsus
906 1438 983 1486 esse
1008 1419 1274 1500 sacramentum,

160 1548 236 1604 oum
262 1521 391 1625 nullum
416 1531 480 1619 sit,
502 1530 593 1630 qnod
619 1529 747 1631 aliquid
774 1530 839 1604 sibi
866 1531 1041 1629 proprium
1064 1554 1133 1603 non
1151 1529 1280 1604 haheat

160 1650 195 1719 in
221 1672 390 1748 quocum
415 1647 534 1721 ceteris
560 1672 626 1720 non
652 1646 849 1733 eonvmriat,
869 1661 969 1746 prout
994 1646 1069 1719 fuse
1093 1645 1227 1721 evolvit.

163 1787 166 1790 ’
233 1760 284 1834 dd
310 1756 539 1837 difficultatem
565 1766 677 1836 autem
702 1762 879 1861 speciatim
903 1762 1042 1861 petitam
1067 1768 1169 1859 ereo
1185 1758 1278 1862 quod

161 1877 327 1970 interdum
346 1872 545 1977 ,coniugium
570 1878 756 1952 celebretur
780 1877 909 1978 absque
926 1877 1084 1951 ministro
1096 1867 1276 1966 mdesida'

92 1998 94 2002 ’
162 1994 322 2068 nimirum
346 1995 420 2068 sine
447 1993 637 2087 sacerdote,
656 1997 755 2093 'respss
774 1992 989 2066 «Dicendum
1014 2007 1066 2066 est
1083 1991 1176 2092 quod
1192 1990 1280 2065 illae

108 2143 109 2146 ¹
161 2125 424 2202 sacramentum,
445 2111 542 2184 cuius
560 2125 630 2184 tcta
647 2109 800 2184 efficacia
816 2114 868 2183 est
884 2134 925 2184 er
941 2108 1082 2182 materie
1098 2124 1131 2181 et
1147 2105 1274 2195 imma,

159 2240 238 2300 non
247 2226 355 2301 comm
378 2252 425 2300 ee
441 2242 603 2357 potestate
623 2225 783 2311 mt'mstri,
813 2225 898 2299 illud
928 2240 1040 2324 potest
1063 2223 1216 2298 omferri
1231 2222 1277 2298 ab

160 2339 253 2429 aiio,¹
270 2364 372 2442 quam
390 2368 411 2415 a
427 2340 592 2415 ministris
617 2340 781 2415 ecciesiae
805 2357 838 2414 et
862 2341 897 2411 in
919 2338 1124 2412 necessitate·
1134 2352 1168 2412 et
1184 2353 1278 2412 extrt

159 2458 413 2544 necessitatem,
442 2456 522 2530 iicet
547 2480 613 2529 nen
639 2456 816 2530 debeat
784 2456 850 2528 rusi
876 2481 916 2528 ex
941 2454 1159 2530 necessitate:
1185 2443 1278 2529 sicut

161 2584 213 2644 est
230 2571 273 2644 de
289 2570 410 2643 effectu
427 2569 669 2656 eucharistiae,
690 2572 771 2668 quia
796 2585 864 2643 tota
888 2570 995 2643 virtus
1020 2569 1187 2643 emeandi
1201 2584 1277 2668 gra-

160 2682 251 2775 tiam·
266 2701 318 2758 cst
341 2687 377 2757 in
402 2711 442 2758 eo
467 2686 558 2786 quod
585 2686 786 2785 suscipitur.
805 2746 811 2757 .
829 2746 835 2757 .
850 2685 914 2758 sibi
930 2685 1019 2759 valet
1043 2696 1277 2786 susceptum-a

158 2801 245 2873 laico
270 2824 369 2900 quem
389 2800 499 2890 ,credit
524 2827 622 2873 suum
648 2816 818 2874 curatum.
836 2860 843 2872 .
861 2801 927 2874 ita
952 2818 1005 2875 ast
1028 2799 1071 2875 de
1086 2800 1273 2901 Baptismo,

160 2917 256 2990 cuius
282 2933 350 2991 tota
374 2917 479 2991 virtus
497 2917 600 2990 estin
617 2919 755 2992 materia
772 2934 805 2990 et
820 2917 944 3006 forme,
965 2944 1032 2992 non
1050 2919 1085 2990 in
1101 2917 1275 2994 mimate:

36 3120 39 3137 Ι
160 3028 250 3105 unde
276 3033 376 3104 etiam
401 3048 495 3106 extra
518 3031 752 3106 necessitatem
776 3046 906 3131 potest,
928 3031 1072 3106 sednon
1097 3029 1198 3106 debet
1212 3032 1277 3127 miss

158 3148 293 3219 nistrari
320 3149 384 3220 nisi
410 3174 430 3220 a
456 3146 663 3246 presbytero.
686 3148 931 3222 Matrimonium
956 3163 1067 3222 autem
1086 3146 1276 3237 es'thuiits*

159 3260 271 3348 modi,
300 3256 380 3362 quia
405 3261 478 3350 eius
504 3261 611 3335 virtus
633 3286 703 3334 non
729 3279 783 3335 est
805 3263 839 3334 in
865 3262 1019 3336 ministro
1043 3260 1224 3355 ecciesiae:
1244 3279 1277 3338 et

161 3374 236 3447 ideo
261 3394 328 3447 noa
354 3391 490 3473 propter
512 3373 577 3467 hcc
602 3375 693 3476 quod
711 3400 778 3449 non
797 3379 1116 3470 estnecessarium,
1137 3392 1218 3478 cum
1232 3376 1277 3452 sit

160 3484 387 3565 necessarium
412 3492 658 3580 communitati,
688 3495 774 3568 sicut
797 3492 987 3592 baptismus
1012 3518 1177 3592 personae
1190 3492 1193 3499 ’
1206 3494 1277 3576 ain-

158 3604 284 3701 gulari,
306 3607 366 3680 sed
384 3604 464 3706 quia
487 3608 594 3681 virtus
619 3605 693 3698 eius
718 3634 785 3700 nen
807 3624 859 3682 cet
875 3609 910 3680 in
927 3608 1080 3684 ministro
1098 3606 1276 3697 ecclesias,

159 3734 270 3821 potest
294 3724 440 3796 essentia
465 3724 538 3796 eius
563 3722 681 3798 haberi
708 3725 780 3798 sine
805 3724 978 3798 ministro:
1000 3725 1078 3798 licet
1101 3722 1228 3813 forta·
1208 3739 1275 3800 nou

157 3835 312 3926 debet
280 3837 347 3909 nisi
373 3838 407 3909 in
433 3833 518 3926 facie
543 3829 706 3912 ecelesiae
723 3856 757 3912 et
772 3864 834 3937 per
859 3838 1064 3913 sacerdotem
1089 3835 1271 3934 celebrari,

157 3953 186 4024 'si
212 3953 320 4050 pessit
344 3953 460 4026 haberi
482 3956 570 4050 (95)
586 3950 723 4054 »dique
748 3954 832 4028 haec
857 3954 1018 4029 attulisse
1036 3981 1077 4027 ex
1101 3924 1274 4029 Paludaito

157 4066 302 4139 sufficiat
328 4067 372 4139 ad
398 4068 643 4141 ostendendum
669 4096 770 4167 quam
797 4069 918 4143 falsum
944 4070 989 4144 sit
1012 4070 1102 4170 quod
1128 4098 1158 4142 er
1150 4069 1274 4145 affin·

159 4248 191 4362 ἡ
228 4209 278 4298 (at)
294 4217 370 4286 Petet
388 4250 405 4286 a
425 4235 530 4288 Paluda
552 4239 581 4287 0.
599 4241 627 4288 P.
647 4240 763 4296 Qatnu
787 4241 978 4292 sententiantes
1004 4239 1079 4292 ttber.
1099 4208 1179 4294 Paris.
1201 4242 1270 4292 tert.

167 4328 202 4364 0.
219 4320 270 4366 tta.
286 4329 338 4378 seq.
