2872 5062
276 374 346 424 w.
358 373 403 424 Π.
416 374 456 423 BR
469 366 587 424 tudun.
602 375 660 425 PRO
675 376 753 425 LEGE
767 377 807 425 BR
820 377 915 426 lss'lfl.
928 378 991 427 clv.
1005 380 1075 428 tur.
1093 381 1115 429 l.
1196 360 1264 432 3⁷3

156 493 287 578 firmat,
311 491 394 591 quin
420 518 478 565 eos
503 491 644 588 legerit,
674 493 918 592 separationem
936 507 1045 568 status
1063 495 1106 569 ab
1124 497 1265 572 ecclesia

156 607 342 680 docuerint.

228 724 316 796 Sane
331 723 503 796 unanimis
521 740 652 824 patrum
670 724 822 797 doctrina
840 741 908 812 est,
924 751 991 800 non
1009 726 1118 800 solum
1138 728 1265 801 ratione

158 835 235 910 linis
248 862 288 910 ec
301 837 545 936 praesidiorum
558 838 720 936 distingui
738 854 860 912 statum
875 841 1046 939 politicum
1060 867 1121 914 seu
1134 841 1264 915 civilem

156 950 198 1022 ab
215 951 378 1038 ecclesia3
399 968 566 1051 quatenus
583 953 640 1026 ille
658 954 758 1027 habet
781 981 843 1054 pro
868 955 935 1028 fine
951 955 1143 1030 immediato
1160 956 1266 1029 felici·

156 1082 256 1139 tatem
282 1066 497 1166 temporalem
524 1067 667 1154 civium,
688 1069 840 1168 adeoque
856 1084 889 1143 et
906 1070 1095 1171 praesidia,
1115 1097 1203 1170 quae
1220 1072 1268 1146 ad

155 1207 232 1254 eum
258 1182 454 1280 perducant,
472 1181 611 1269 idonea;
632 1183 775 1257 ecclesia
792 1211 871 1258 vero
888 1183 1079 1260 felicitatem
1096 1201 1269 1260 aeternam

155 1323 195 1370 ec
229 1296 342 1369 media
367 1297 410 1369 ad
436 1323 510 1370 eam
534 1297 750 1371 obtinendam
781 1316 997 1399 opportuna;
1020 1325 1141 1396 verum
1163 1301 1269 1374 etiem:

157 1411 259 1484 linem
276 1436 316 1484 ac
333 1411 503 1511 praesidia
528 1411 638 1485 civilis
663 1412 832 1486 societatis
857 1428 977 1512 suapte
1002 1429 1121 1486 natura
1145 1414 1265 1488 subor-

156 1525 273 1598 dinate
294 1551 370 1598 esse
390 1527 544 1626 potestati
566 1526 750 1613 ecclesiae,
780 1543 945 1626 qnatenus
971 1527 1112 1602 felicitae
1138 1543 1264 1629 tempo

157 1641 238 1715 ralis
255 1642 410 1715 ordinata
431 1658 483 1715 est
499 1642 542 1716 ad
560 1642 754 1717 felicitatem
769 1661 949 1717 aeternam.
975 1643 1061 1716 Hinc
1082 1644 1266 1718 docuerunt

158 1773 271 1856 patres
297 1757 402 1829 Deum
429 1756 618 1831 instituisse
643 1774 840 1859 potestatem
863 1758 1020 1847 civilem,
1048 1774 1086 1832 ut
1111 1758 1267 1834 subsidio

155 1888 247 1945 esset
264 1871 446 1958 ecclesiae,
467 1887 569 1972 etque
593 1873 755 1946 ecclesiae
780 1873 956 1947 inserviret
979 1889 1149 1974 tamquam
1167 1900 1266 1973 prae-

156 1985 281 2059 sidinm
306 1985 350 2059 ad
376 1986 624 2085 assequendum
650 1987 750 2059 finem
775 1986 807 2059 ei
832 1989 1029 2088 proprium,
1058 2014 1179 2088 nempe
1204 2013 1263 2060 su-

157 2127 320 2200 premum.
349 2101 399 2172 lta
423 2127 453 2173 s.
470 2099 679 2173 Caelestinus
696 2103 785 2196 (to),
802 2127 832 2173 s.
848 2102 913 2173 Leo
926 2101 977 2171 Μ,
990 2102 1081 2196 (ll),
1096 2127 1127 2174 s.
1143 2101 1264 2198 Grego-

158 2216 230 2289 rius
244 2217 288 2288 M.
301 2214 809 2315 (ld),slsidorushispalensis
826 2214 974 2311 (43)‚sic
992 2214 1112 2314 reliqui
1129 2241 1258 2289 omnes.

230 2330 298 2402 Nos
317 2329 360 2402 ad
378 2329 471 2403 haec'
486 2328 716 2404 confirmanda
736 2355 842 2400 unum
863 2327 1046 2401 alterumve
1063 2328 1098 2398 in
1116 2328 1264 2401 medium

159 2445 378 2544 proferemus.
400 2447 518 2545 ltaque
542 2470 572 2517 s.
593 2444 803 2542 Augustinus
829 2443 947 2518 scribit
963 2473 980 2516 :.
1002 2443 1139 2517 «Aliter
1162 2445 1266 2518 servit

160 2564 244 2656 (rex
264 2561 451 2656 Domino),
473 2560 555 2660 quia
571 2561 677 2634 homo·
689 2576 757 2648 cst,
781 2561 878 2634 aliter
900 2560 982 2660 quia
1003 2560 1104 2633 etiam
1122 2587 1179 2633 rer
1199 2576 1262 2635 est.

158 2675 247 2762 Quia
267 2676 368 2750 homo
386 2691 458 2762 est„
470 2675 502 2747 ei
516 2676 620 2749 servit
636 2675 780 2750 vivendo
798 2668 956 2764 fideliter}
973 2676 1055 2776 quia
1070 2702 1156 2750 vero
1166 2677 1265 2750 etiam

157 2818 216 2865 rer
227 2809 296 2880 est,
313 2792 415 2866 servit
426 2792 518 2890 leges
530 2793 619 2866 iusta
631 2793 887 2894 praecipientes,
903 2810 937 2867 et
947 2793 1113 2867 contraria
1125 2793 1268 2890 proscri-

157 2907 275 2982 bentes
301 2907 512 2981 convenienti
536 2908 652 3005 vigore
678 2908 870 2981 sanciendo.
900 2908 992 2981 Sicut
1024 2906 1162 2980 servivit
1184 2907 1268 2978 Eze-

159 3023 271 3111 chias,
290 3022 391 3096 lucos
403 3037 437 3095 et
452 3021 577 3121 templa
594 3020 774 3109 idolorum,
795 3037 828 3094 et
844 3021 902 3093 illa
918 3020 1063 3108 excelsa,
1082 3045 1171 3119 quae
1187 3016 1269 3092 con·

158 3155 209 3212 tra
229 3154 409 3238 praecepte
432 3139 493 3211 Dei
519 3138 650 3210 fuerant
674 3152 880 3223 constructo,
900 3134 1162 3208 destruendo...
1175 3134 1267 3206 Sicut

158 3254 297 3328 servivit
308 3279 366 3325 rex
377 3253 595 3327 ninivitarum
612 3253 803 3326 universam
821 3251 987 3324 civitatem
1003 3249 1048 3323 ad
1065 3248 1266 3349 placandum

157 3369 338 3442 Dominum
366 3368 659 3468 compellendo...
672 3368 766 3440 Sicut
791 3367 928 3440 servivit
957 3363 1268 3439 Nabuchodonosor

158 3509 276 3556 omnes
294 3483 328 3555 in
348 3509 450 3581 regno
474 3510 536 3557 suo
556 3483 723 3583 positosa
740 3481 1008 3581 blasphemando
1024 3481 1095 3554 Deo
1110 3480 1185 3578 lege
1200 3495 1267 3553 ter·

159 3597 249 3669 ribili
267 3597 475 3696 prohibendo
496 3598 609 3693 (Ml-'³
625 3597 659 3667 S.
678 3594 856 3693 Gregorius
877 3595 921 3666 ll.
943 3595 1019 3667 «Ad
1037 3595 1121 3680 hoc,
1141 3593 1263 3692 inquit,

159 3727 309 3810 potestas
335 3739 440 3814 super
461 3737 577 3785 omnes
603 3711 758 3784 homines
785 3710 996 3783 dominorum
1024 3733 1172 3784 meorum
1197 3707 1266 3805 pie

159 3827 216 3901 tati
243 3827 385 3901 caelitus
410 3827 490 3901 date
514 3844 581 3914 est,
602 3826 715 3926 utqui
733 3825 823 3901 bona
840 3840 1024 3926 appetunt,
1045 3823 1262 3905 adiuventur;

114 4035 115 4038 ¹
232 4024 285 4086 (ro)
299 4022 433 4086 spiceae
447 4021 625 4074 rnenmm.

231 4103 283 4164 (n)
297 4103 382 4166 spat.
394 4100 432 4151 aa
443 4103 553 4152 mmm
563 4103 723 4166 sumtum.

230 4182 282 4243 (u)
294 4181 349 4232 uin.
359 4183 392 4232 11.
403 4181 480 4245 spu.
489 4179 605 4233 nuvae
614 4183 775 4232 menmium
784 4182 876 4245 imper.

230 4261 282 4324 (ra)
296 4260 353 4312 mn.
364 4262 409 4311 111.
420 4261 529 4312 serat.
541 4273 595 4323 ap.
605 4262 646 4311 ur.

232 4341 284 4404 (u)
298 4341 383 4405 spect
395 4337 563 4400 ananum.
576 4340 700 4390 conum
710 4339 850 4390 cnmv.
860 4337 960 4388 mun.
970 4334 1010 4386 αι.
1020 4337 1098 4386 κιαι.
1111 4345 1136 4384 n.
1152 4340 1189 4384 u.
