2872 5062
252 371 321 422 aar.
338 371 361 421 1.
378 371 418 418 nn
440 369 571 420 ιιιιιιιιι.
594 369 705 421 nurus
723 369 859 424 aarum.
880 370 950 422 aar.
972 371 1016 421 rr.
1123 348 1200 420 ιιι

83 492 243 573 facillime
259 489 295 561 in
313 488 424 562 oarnis
449 487 637 575 licentiam,
658 503 691 561 et
707 515 825 585 vagam
842 514 1013 575 venerem,
1035 500 1071 560 ut
1087 490 1202 576 aiunt‚j

81 604 383 688 consectabantur;
406 618 440 675 et
464 604 515 676 sio
537 604 572 675 in
599 618 740 702 utroque
761 629 843 676 casu
868 602 958 675 idem
979 604 1043 676 erit
1064 605 1171 676 exitus
1185 663 1200 690 ‚⁴

82 721 239 822 publicae
258 717 415 794 videlicet
432 718 619 790 honestatis
637 716 754 791 laesio.
771 718 858 815 Ergo
876 717 1040 791 fateamur
1057 730 1199 793 neeesse

82 852 151 927 est,
176 833 266 936 quod
284 833 393 932 primo
418 833 491 905 looo
516 833 770 919 constituimus,
796 832 893 906 civile
918 833 1110 929 coniugium
1136 860 1198 906 na·

82 967 155 1025 tura
181 977 243 1024 sua
268 948 425 1049 publicae
449 947 622 1022 adversari
648 946 830 1020 honestati.
856 984 860 991 ·
949 986 951 988 ·

153 1065 264 1166 Atque
282 1063 503 1162 hao'quidem
525 1063 635 1161 priore
660 1045 875 1161 comprobata
900 1063 1065 1162 assumpti
1082 1075 1200 1161 partes'

81 1195 211 1255 tantum
233 1207 301 1253 non
325 1194 378 1252 est
401 1177 629 1252 demonstrata
653 1177 755 1250 etiam
780 1177 905 1265 altera,
928 1178 1087 1251 nimirum
1106 1178 1200 1251 idom

80 1296 180 1370 ciuile
193 1295 398 1370 connubium
413 1295 448 1365 in
462 1309 612 1392 apertam
630 1293 791 1366 inducere
808 1320 939 1367 morum
956 1292 1203 1391 corruptelaruss

80 1412 214 1484 Etenim
235 1425 302 1485 non
324 1424 466 1510 possunt
486 1408 602 1482 fideles
620 1409 787 1482 eiusmodi
807 1409 1005 1483 contrahere
1026 1409 1201 1486 connubia.

81 1525 125 1598 ad
139 1524 365 1599 exclusionem
373 1524 590 1611 <sacramenti
601 1551 673 1611 seu,
685 1538 722 1596 ut
734 1524 840 1611 aiunt,
853 1525 936 1598 ritus
951 1522 1112 1620 religiosi,
1123 1523 1201 1602 sine

80 1639 226 1727 formali,
238 1655 297 1713 aut
309 1639 410 1713 taoito
424 1639 541 1713 saltem
555 1639 718 1713 eeclesiae
730 1654 938 1740 contemptu,
954 1639 1023 1712 imo
1033 1652 1069 1711 et
1086 1638 1201 1737 ipsius

81 1753 255 1852 religionis
276 1753 493 1827 christianae.
514 1753 687 1852 Siquidem
713 1753 847 1827 nonnisi
867 1753 910 1840 ii,
927 1753 986 1855 qui
1008 1751 1201 1833 omnirelid,

80 1870 192 1968 gionis
217 1870 306 1943 exuti
332 1897 435 1944 sensu
449 1859 553 1958 'sina'
572 1870 740 1967 negligere
755 1885 909 1976 ⁵possunt
925 1896 996 1944 rum
1012 1870 1097 1943 adeo
1115 1869 1197 1943 laei-

80 1984 176 2072 lem,
212 1986 402 2059 cuiusmodi
428 2001 480 2058 est
504 1985 667 2059 ecelesiae
692 2012 730 2060 se
759 1986 905 2073 sistere,
923 2001 976 2061 'at
1005 1984 1057 2059 ibi}
1083 1997 1198 2059 eoram

80 2100 229 2200 parocho
242 2116 275 2175 et
287 2100 420 2174 duobus
437 2100 593 2175 tribusve
603 2101 764 2188 testibus,'
788 2117 846 2174 aut
871 2098 1051 2201 praebere,
1068 2115 1132 2173 aut
1148 2126 1198 2172 re·

82 2240 206 2290 notare
221 2240 442 2302 consensum,
464 2229 502 2287 ut
519 2229 567 2287 tot
583 2215 771 2314 percipiant
788 2213 1028 2297 emolumenta,
1049 2238 1137 2313 quae
1153 2239 1194 2285 ex

80 2329 301 2405 matrimonio.
318 2329 466 2428 legitime
491 2331 593 2419 inito,
620 2355 659 2404 ao
684 2331 824 2431 proinde
848 2343 1055 2403 sacramento
1071 2342 1196 2427 'prove

82 2447 191 2519 niunt.
208 2445 359 2520 Profecto
375 2445 607 2540 huiuscemodi
626 2446 798 2543 neglectus
817 2444 910 2518 nulla
926 2443 993 2517 alia
1011 2445 1096 2517 ratio
1113 2443 1195 2539 fingi

80 2576 192 2659 potest
216 2576 462 2660 praeteream,
491 2587 593 2660 quam
619 2560 880 2657 assignavimus.

152 2677 225 2748 lam
242 2700 342 2762 vero,
365 2675 424 2774 qui
445 2661 529 2748 adeo
554 2676 740 2776 desipiunt,
761 2690 798 2749 ut
815 2675 986 2772 negligant
1003 2674 1094 2775 quod
1111 2674 1195 2748 tanti

81 2789 185 2862 relert
204 2790 248 2884 ad
266 2774 495 2864 eonscientiae
519 2791 794 2891 tranquillitatem
820 2802 920 2891 atque
941 2791 984 2864 ad
1007 2790 1199 2864 firmitatem

81 2904 251 3001 coniugii3
271 2904 330 3004 qui
355 2921 508 3002 apertum
534 2906 618 2980 adeo
644 2907 842 3006 profitentur
864 2916 1107 3005 contemptum
1133 2905 1195 3002 qui·

81 3017 249 3119 praebent¹
267 3019 311 3092 de
336 3045 375 3091 se
399 3034 495 3119 turpe
519 3021 604 3095 adeo
629 3019 844 3106 scandalum,
866 3019 935 3116 legi
958 3016 1202 3114 ne-religionis

76 3148 111 3207 et
133 3133 358 3209 eonscientiae
390 3134 426 3206 in
454 3136 584 3215 ceteris
605 3133 862 3234 obsequentur?
887 3132 1199 3232 [ὶιιίιιιιιιιίιιριιι-Ι

80 3248 224 3322 suadere
247 3246 440 3347 poterunt?
467 3249 830 3348 Istiusmodisproinde
861 3248 1014 3322 homines
1043 3245 1196 3356 habenas

79 3363 197 3438 laxant
217 3365 308 3437 omni
328 3364 552 3465 improbitati,
581 3384 642 3439 neo
658 3367 766 3438 Deum
779 3388 781 3392 ·
794 3365 924 3452 timent,
952 3380 1016 3436 net
1040 3361 1196 3437 homines

79 3495 284 3561 reverentur.
317 3481 412 3564 llera-
433 3496 518 3554 sunt
545 3480 679 3577 flagella
712 3480 898 3555 societatis.-
934 3465 1073 3578 Ecquid·
1102 3477 1197 3562 aliud

78 3609 234 3694 expeotes
255 3593 300 3666 ah
325 3595 385 3681 iis,
405 3595 464 3693 qui
485 3594 658 3692 religionis
680 3596 796 3691 iugum
810 3609 1053 3701 excusserunt,
1074 3592 1141 3667 nisi
1158 3607 1197 3676 ut

77 3795 110 3847 de
130 3811 181 3848 una
196 3799 221 3848 in
238 3800 340 3851 alteram
361 3802 535 3866 transmigrant
557 3785 711 3866 provinciam
724 3803 757 3855 ad
769 3817 862 3854 novom
884 3789 1022 3854 iterandum
1045 3799 1196 3873 coniugium

77 3875 185 3933 Quidam
197 3872 424 3931 turonis'a'nnatus
436 3889 474 3932 ns.
484 3872 661 3933 moderantius
670 3883 717 3945 est,
726 3880 827 3946 eoquod
839 3880 1024 3945 quatuordocim
1036 3872 1112 3929 novas
1121 3870 1198 3927 duxe-

76 3955 110 4008 rit
122 3969 224 4021 exores,
240 3958 317 4023 priori
331 3958 418 4012 adhue
427 3961 535 4025 nirenta
545 3960 736 4025 Quammdooim
752 3962 874 4015 eiunurodi
885 3957 1153 4018 urmes-omnesaue!
1168 3969 1195 4005 so

77 4037 236 4087 coutulerunt
250 4037 283 4111 ad
298 4052 354 4089 eum
371 4040 544 4091 accusandum.
555 4045 615 4091 Acta
626 4038 711 4091 iudicii
723 4040 870 4109 patefecere,
882 4040 949 4107 quod
965 4041 1017 4104 ipse
1029 4038 1108 4102 spatio
1119 4037 1195 4111 trium

77 4112 260 4166 hebdomadum
275 4116 315 4166 his
329 4117 488 4169 celebraverit
505 4107 647 4182 dotiuginm
660 4119 792 4170 Baltimore
801 4117 948 4169 aoBostool.
958 4115 1103 4167 'Tdhunalia
1112 4110 1197 4178 quarm

76 4190 134 4243 dun
146 4186 226 4245 nava
241 4189 355 4258 Bottlyra
370 4191 510 4257 temeritas
520 4190 704 4262 mtueip'arurit,
715 4212 745 4249 en
760 4188 955 4261 quodateptan
966 4193 1086 4250 uxoribus
1097 4184 1196 4249 suis'loq

74 4271 175 4330 ottttatr
180 4276 314 4345 aeratus
324 4263 411 4338 fuerim
420 4289 477 4326 oum
486 4289 634 4353 unaquaque
642 4289 728 4346 earum
739 4276 818 4329 tribus
828 4275 1016 4355 mensibuspom
1024 4272 1129 4324 dimidio
1136 4285 1199 4365 qqqq·

158 4329 173 4345 a.
760 4333 763 4337 ·

78 4330 467 4406 montemtremitum,
485 4340 698 4406 fabrettum?
922 4348 927 4369 ¹
