2872 5062
257 357 381 406 ciruv.
395 356 433 404 or
451 354 568 405 incur.
586 356 644 404 mo
662 355 740 402 anon
759 357 798 404 nn
817 355 910 404 urm.
925 355 987 404 crv.
1004 357 1074 405 nur.
1093 357 1115 403 1.
1197 333 1264 402 ala

624 508 809 605 Responsio,

233 705 274 777 Ut
292 703 349 776 hic
366 705 467 777 etiam
485 704 633 803 quadam
651 704 807 776 methodo
825 719 857 775 et
874 704 990 775 ordine
1016 704 1267 802 progrediamur

159 822 195 892 in
213 819 277 894 hoc
292 820 492 893 excutiendo
505 821 681 920 principio,
703 820 913 918 inquiramus
932 836 1061 917 oportet
1075 824 1108 891 1.
1123 820 1269 906 Quinam

158 937 246 1020 sint,
274 935 334 1035 qui
360 950 452 1008 tanto
481 935 552 1008 zelo
578 925 782 1034 principium
818 936 1023 1033 proclamant
1048 936 1090 1008 de
1115 936 1268 1008 libertate

156 1051 396 1137 conscientiae;
411 1053 444 1122 2,
456 1050 625 1137 Quidnam
642 1051 754 1124 veniat
774 1051 837 1124 suh
857 1052 922 1124 hac
938 1051 1209 1124 denominatione
1229 1051 1268 1121 li·
1318 1072 1320 1078 ·

155 1167 295 1241 bertatis
320 1167 547 1241 conscientiae
573 1183 672 1264 prout
697 1168 739 1240 ab
765 1168 819 1240 his
845 1185 1043 1267 usurpatur;
1074 1171 1107 1240 3.
1125 1167 1175 1239 An
1201 1168 1267 1240 sibi

158 1283 381 1370 cohaereant,
414 1282 473 1381 qui
506 1282 694 1356 absolutam
719 1283 807 1357 hanc
832 1285 1057 1357 conscientiae
1082 1283 1269 1381 libertatem

158 1398 385 1498 pmclamant;
404 1401 437 1468 l.
456 1399 629 1485 Quaenam
644 1399 688 1470 sit
704 1424 783 1472 vera
801 1425 840 1471 ac
858 1426 1016 1496 germana
1042 1401 1267 1473 conscientiae

158 1513 324 1586 libertatis
351 1513 460 1599 notio;
483 1517 516 1584 5.
534 1515 620 1585 Num
641 1515 796 1611 componi
822 1530 966 1613 nequeat
979 1504 1070 1588 ‘vora
1096 1515 1269 1587 conscien-

158 1629 226 1703 tiae
246 1629 386 1701 libertas
410 1654 486 1701 cum
506 1629 595 1725 lege,
618 1656 706 1728 quae
725 1630 768 1701 ad
789 1631 890 1702 ritum
912 1617 1128 1727 religiosum,
1152 1656 1191 1701 ac
1210 1657 1270 1702 no-

158 1743 313 1816 minatim
341 1742 383 1815 ad
409 1743 550 1816 formam
575 1742 791 1816 tridentinam
817 1743 943 1840 obliget
967 1744 1216 1817 contrahentes.

233 1858 357 1930 Primo.
375 1858 441 1944 Qui
455 1858 558 1954 igitur
577 1856 689 1931 amore
707 1860 851 1955 ssagrare
867 1859 1023 1932 videntur
1042 1860 1269 1932 conscientiae

158 1973 340 2060 libertatis,
369 1973 453 2046 adeo
477 1990 515 2045 ut
539 1973 633 2045 illam
660 1973 767 2046 solam
792 1975 827 2044 in
852 1973 985 2046 deliciis
1011 1973 1135 2046 habere
1163 1974 1268 2072 proli-

159 2104 315 2175 teantur‚
349 2105 429 2161 sunt
458 2089 482 2159 ii
512 2088 603 2186 ipsi,
637 2090 695 2188 qui
726 2089 895 2161 destinato
925 2088 1068 2162 consilio
1096 2106 1197 2188 atque
1229 2115 1270 2160 ex

156 2220 398 2302 praeconcepto
436 2204 599 2302 firmoque
635 2204 807 2303 proposito
840 2204 961 2300 iugiter
994 2204 1270 2303 continenterque

157 2317 344 2392 libertatem
365 2319 591 2392 conscientiae
607 2319 831 2404 insectantur;
853 2334 931 2390 sunt
949 2318 973 2389 ii
992 2318 1081 2416 ipsi,
1110 2319 1169 2415 qui
1197 2343 1270 2417 per-

157 2434 363 2508 secutionem
388 2460 523 2507 saevam
548 2450 582 2507 et
606 2433 760 2506 acerbam
778 2451 910 2507 movent
926 2434 1153 2507 conscientiae
1170 2432 1271 2505 liber-

137 2549 238 2634 ‘tati;
269 2563 346 2622 sunt
372 2549 519 2647 denique
532 2549 556 2620 ii
571 2550 659 2648 ipsi,
681 2549 740 2648 qui
760 2575 846 2621 nova
867 2549 1018 2648 quotidie
1041 2549 1177 2622 inventa
1197 2575 1270 2647 spe-

156 2660 312 2735 culantur
325 2661 368 2735 ad
387 2662 511 2735 civium
528 2663 751 2762 torquendam
777 2662 1036 2749 conscientiam;
1052 2663 1111 2762 qui
1125 2662 1267 2747 multas,

157 2803 329 2866 carceres,
354 2778 454 2851 exilia
479 2780 662 2853 decernunt
687 2780 749 2865 iis,
779 2779 859 2877 qui,
889 2805 931 2850 ne
956 2795 1071 2852 contra
1097 2780 1270 2877 propriam

157 2891 398 2965 conscientiam
424 2910 623 2990 operentur,
643 2893 811 2966 obsistunt
833 2892 972 2966 uiriliter
993 2893 1129 2965 iniustis
1148 2919 1187 2964 ac
1206 2891 1270 2961 ini-

159 3007 238 3105 quis
252 3007 445 3080 huiusmodi
459 3008 625 3082 libertatis
639 3008 865 3081 conscientiae
879 3004 1174 3105 postulationibus.
1187 3007 1270 3077 Nota

158 3122 316 3196 omnibus
341 3140 420 3196 sunt
445 3123 546 3197 exilia
572 3123 868 3221 Archipraesulum
900 3118 1104 3194 taurinensis
1126 3138 1158 3193 et
1183 3120 1270 3192 cala-

159 3239 279 3326 ritani,
308 3266 348 3312 eo
374 3241 464 3338 quod
490 3239 656 3312 noluerint
681 3257 795 3312 contra
822 3238 993 3336 propriam
1027 3236 1268 3310 conscientiam

158 3357 374 3456 acquiescere
392 3357 621 3430 molitionibus
640 3372 740 3455 atque
758 3354 1064 3429 machinationibus
1087 3370 1203 3427 eontra
1220 3380 1271 3428 ec-

158 3471 299 3544 clesiam
326 3472 497 3559 excitatis,
526 3488 559 3544 et
584 3473 766 3569 participes
793 3471 865 3544 lieri
891 3471 1084 3569 iniquorum
1112 3470 1271 3543 consilio-

90 3629 92 3633 ·
160 3613 234 3658 rum
261 3586 424 3661 adversus
451 3587 543 3660 illius
568 3586 780 3674 libertatem,
809 3611 848 3658 ac
873 3585 1169 3686 independentiam
1188 3613 1207 3658 a
1225 3587 1271 3658 ci-

157 3701 219 3774 vili
244 3718 424 3801 potestate3
450 3718 528 3776 sunt
552 3703 576 3775 ii
602 3703 691 3802 ipsi,
721 3704 779 3801 qui
805 3719 922 3775 contra
948 3703 1001 3775 ius
1027 3703 1146 3800 sasque
1172 3727 1271 3773 omne

158 3818 312 3890 naturale
338 3834 437 3917 atque
466 3818 618 3891 divinum
645 3834 721 3917 post
745 3816 909 3890 bonorum
943 3817 1165 3915 direptionem
1192 3814 1270 3886 reli-

158 3933 274 4030 giosos
298 3934 389 4006 viros
408 3960 447 4006 ac
465 3933 739 4006 sanctimoniales
753 3959 774 4005 a
787 3933 932 4032 propriis
952 3931 1135 4004 domiciliis
1158 3931 1269 4029 expel-

158 4049 233 4121 lunt
257 4048 394 4122 militari
415 4050 468 4135 vi,
491 4078 532 4123 ne
552 4051 642 4122 iuxta
660 4049 828 4148 propriam
848 4049 1086 4121 conscientiam
1106 4047 1189 4131 Deo,
1216 4047 1269 4118 cui

158 4165 248 4237 votis
274 4192 311 4237 se
337 4166 595 4264 manciparunt,
625 4164 827 4250 inserviant;
857 4178 935 4236 sunt
963 4162 985 4232 ii
1013 4162 1098 4259 ipsi,
1128 4161 1185 4260 qui
1212 4160 1271 4232 de-

158 4279 322 4354 latoribus
349 4281 463 4354 omnia
489 4280 730 4378 impleverunt,
752 4295 788 4351 ut
812 4278 949 4351 verbum
976 4302 1113 4376 carpere
1138 4276 1271 4375 possint
