2872 5062
219 286 288 356 434
418 307 479 357 ult.
499 307 523 355 Ι.
545 304 630 356 Sllss'l'.
652 305 781 356 struat.
803 307 842 356 BR
861 307 991 358 utum.
1008 307 1115 359 c1v1t1.

217 453 294 501 cum
320 426 366 498 ita
392 424 477 511 sint,
505 423 605 523 plane
630 424 861 524 consequitur,
877 425 907 498 si
920 452 989 526 qua
1006 425 1089 498 inita
1106 425 1231 499 luerint
1247 451 1328 500 con·

218 542 308 640 iugia
325 567 415 630 mere
428 539 559 627 civilia,
576 539 635 613 illa
652 566 719 613 non
737 539 939 614 constituere
957 541 1024 614 nisi
1041 567 1154 614 oerum
1166 567 1207 615 ac
1218 556 1331 623 notum

218 656 492 744 concubinatum,
522 681 643 755 nempe
667 654 926 729 concubinatum
961 657 1096 755 leqolem
1128 656 1330 731 deteriorem

218 771 444 848 concubinatu
462 771 609 868 uulgari,
635 771 753 845 saltem
775 771 886 870 quoad
904 771 1057 845 effectus.
1076 773 1159 844 Nam
1177 773 1236 872 qui
1253 799 1330 846 ver-

219 905 337 962 santur
358 888 393 959 in
411 886 556 987 simplici
583 887 827 971 concubinatu,
857 902 978 960 norunt
1003 913 1043 960 ac
1069 888 1266 987 profitentur
1292 914 1332 961 so

220 1005 307 1078 male
333 1029 449 1099 agere,
474 1017 574 1100 atque
598 1018 635 1075 ut
660 1001 840 1102 plurimum
867 1003 1089 1102 resipiscunt;
1113 1018 1227 1075 contra
1250 1029 1331 1077 uero

221 1119 279 1218 qui
302 1119 336 1189 in
357 1110 579 1190 concubinatu
596 1116 695 1214 legali
720 1117 837 1189 vivunt
861 1117 1001 1190 contecti
1026 1117 1228 1191 matrimonii
1256 1118 1332 1218 pal-

220 1235 286 1320 lio,
314 1234 438 1306 iactant
463 1258 500 1305 se
525 1230 736 1305 matrimonio
762 1258 839 1305 esse
863 1232 1078 1318 coniunctos,
1106 1258 1213 1333 eoque
1237 1233 1332 1308 iuxta

222 1348 452 1422 adversarium
475 1357 548 1420 coro
573 1373 613 1421 ac
639 1349 796 1446 leqitimo,
818 1347 970 1445 adeoque
986 1346 1084 1445 longe
1101 1348 1275 1423 difficilius
1294 1376 1333 1424 se

222 1461 266 1534 ab
283 1461 448 1534 eiusmodi
475 1460 617 1534 nexibus
642 1461 814 1534 extricant.

296 1577 334 1646 ln
360 1600 399 1648 co
425 1600 524 1661 vcro,
552 1574 643 1674 quod
677 1574 799 1646 adiecit
826 1590 955 1662 orator,
986 1575 1110 1648 nullam
1141 1576 1259 1650 haberi
1287 1580 1333 1650 le-

223 1719 295 1788 9em
317 1690 389 1763 sive
414 1689 563 1763 divinam
590 1690 661 1763 sive
687 1688 896 1776 humanam,
925 1717 1013 1789 quae
1042 1691 1229 1791 praecipiat
1252 1719 1334 1767 con-

225 1832 361 1879 cursum
380 1804 579 1878 sacramenti
601 1805 644 1876 ad
661 1802 807 1878 valorem
826 1804 995 1902 coniugii,
1017 1807 1210 1905 reponimus
1224 1810 1333 1905 primo

225 1921 333 2018 legem
358 1919 446 1992 hanc
472 1918 589 1992 haberi
610 1919 645 1992 in
669 1920 802 1992 decreto
823 1919 957 1992 concilii
978 1919 1170 2007 tridentini,
1195 1946 1263 2021 quo
1287 1922 1335 1993 ir-

227 2037 368 2108 ritantur
393 2035 605 2108 matrimonia
630 2035 743 2108 omnia
768 2061 834 2108 non
857 2035 1024 2108 celebrata
1045 2036 1136 2108 iuxta
1154 2036 1295 2110 formam
1313 2065 1335 2110 a

227 2179 264 2226 se
289 2150 530 2251 praescriptam
562 2150 765 2248 ubicumque
791 2151 960 2225 decretum
992 2151 1075 2226 illud
1100 2152 1199 2226 luerit
1223 2153 1337 2254 puhli-

226 2283 350 2341 catum.
380 2267 583 2367 Reponimus
608 2267 745 2339 secondo
772 2266 892 2339 iterum
913 2267 1001 2341 hanc
1023 2268 1129 2366 legem
1155 2268 1274 2342 baberi
1300 2269 1335 2340 in

228 2383 440 2456 anathemate
466 2382 594 2482 prolato
616 2381 660 2454 ab
685 2381 801 2455 eodem
827 2383 970 2456 concilio
995 2383 1030 2454 in
1055 2410 1113 2457 eos
1139 2384 1198 2483 qui
1233 2411 1337 2482 nega·

227 2499 335 2575 verint
347 2506 423 2598 esse
440 2525 518 2570 vero
535 2511 568 2570 et
584 2513 679 2582 roto,
701 2497 789 2570 idest
813 2514 1042 2586 sacramenta,
1070 2499 1227 2596 coniugia
1246 2498 1338 2572 clan-

227 2613 381 2698 destina,
407 2613 568 2711 quamdiu
595 2613 737 2687 ecclesia
763 2614 856 2686 irrita
880 2640 920 2686 ea
946 2642 1013 2688 non
1040 2615 1165 2689 lecerit.
1190 2617 1337 2714 Reponi·

227 2755 304 2800 mus
332 2730 422 2799 tertio
448 2727 672 2802 necessariam
699 2756 766 2801 non
792 2755 868 2801 esse
894 2729 1002 2826 legem
1039 2729 1187 2830 aliquam
1215 2731 1337 2804 afferre

227 2844 307 2916 dum
332 2843 374 2917 de
399 2869 438 2916 eo
464 2844 594 2941 agitur,
633 2844 723 2944 quod
757 2844 862 2916 oritur
887 2870 928 2916 ex
954 2845 1030 2943 ipsa
1053 2845 1101 2917 rci
1127 2838 1271 2934 natura3
1301 2862 1337 2919 ut

212 2961 262 3030 in
288 2986 368 3033 casu
395 2976 508 3032 nostro
534 2960 568 3031 in
594 2986 661 3060 quo
686 2975 875 3033 contractus
900 2975 933 3033 et
958 2977 1204 3035 sacramentum
1230 2989 1336 3034 unum

227 3074 384 3172 idemque
406 3101 521 3147 revera
546 3092 644 3160 sunt,
668 3072 775 3146 itaut
799 3101 888 3147 unus
906 3074 988 3146 sine
1013 3075 1117 3148 altero
1142 3074 1262 3149 haberi
1281 3103 1336 3148 ne

228 3205 352 3286 queat,
381 3190 474 3262 acsi
502 3189 641 3262 alterum
667 3189 755 3262 desit
785 3189 924 3263 alterum
951 3188 1071 3264 abesse
1105 3216 1244 3265 necesse
1275 3192 1332 3266 sit.

228 3302 315 3375 Hinc
348 3321 489 3401 negatur
520 3303 720 3403 hypothesis
757 3303 941 3377 adversarii
964 3305 999 3376 in
1026 3331 1094 3405 qua
1119 3305 1194 3406 ipse
1235 3331 1336 3380 assu·

227 3417 288 3490 mit
305 3444 404 3517 posse
422 3420 457 3491 in
478 3419 642 3516 coniugiis
667 3419 861 3493 christianis
887 3436 1094 3494 contractum
1119 3420 1335 3518 coniugalem

225 3533 367 3606 existere
380 3534 454 3607 sine
468 3551 693 3621 sacramento,
710 3552 743 3608 et
755 3536 866 3609 denuo
879 3535 1110 3610 concludimus
1123 3551 1334 3611 contractum

226 3673 317 3721 mere
341 3648 472 3721 civilem
498 3677 565 3723 non
584 3676 660 3722 esse
679 3665 883 3723 contractum
901 3648 1156 3736 connubialcm,
1179 3650 1239 3724 sed
1259 3676 1335 3725 con·

224 3765 414 3839 tentionem
440 3764 482 3837 ad
507 3765 763 3839 concubinatum
790 3766 987 3839 ineundum.

297 3881 427 3954 Exinde
459 3896 549 3981 patet
575 3881 696 3954 salsum
723 3908 799 3955 esse
829 3881 1064 3969 comllarium,
1094 3883 1187 3981 quod
1221 3900 1332 3957 orator

217 3995 362 4069 ,deducit
385 4023 426 4069 ex
450 3997 545 4072 salsis
570 3998 767 4097 principiis,
796 3997 832 4068 id
858 4013 928 4085 est,
957 4023 1067 4097 neque
1084 4013 1258 4096 oportere,
1276 4025 1334 4072 ne-

221 4137 291 4210 que
320 4112 437 4185 decere
462 4129 499 4185 nt
523 4113 576 4184 lex
601 4113 711 4186 civilis
744 4128 854 4186 actum
888 4112 1082 4211 religiosum
1107 4113 1143 4184 in
1170 4113 1328 4212 coniugio

221 4229 432 4328 praescribat
455 4230 515 4300 sub
535 4257 640 4328 poeno
666 4230 848 4315 nullt'tctis;
876 4258 953 4324 nam
986 4230 1122 4321 omnino
1148 4231 1269 4318 decet,
1296 4247 1332 4304 ut
