2872 5062
347 359 415 407 cur.
432 359 456 408 1.
473 359 513 407 nu
532 357 663 408 narnis.
688 359 799 408 errius
824 358 960 408 neruus.
981 359 1051 409 sur.
1074 360 1096 408 1.
1207 337 1274 407 ata

162 476 390 550 ecclesiastico
415 491 610 562 arceantur,
635 501 696 548 scu
721 500 881 548 accusare
906 491 939 546 et
963 476 1133 549 testificari
1160 477 1277 575 prohi-

161 592 305 664 beantur
337 592 425 692 (ta).
455 589 566 663 Altera
590 616 719 687 poena,
758 591 792 661 in
827 615 928 689 quam
955 590 1094 689 insuper
1119 591 1276 664 concubi-

162 707 248 778 narii
274 704 400 806 publici
433 704 592 778 labuntur·
619 731 660 778 ea
690 722 764 791 cst,
792 704 882 803 quod
909 704 937 777 si
970 731 1010 777 ex
1036 705 1100 778 hac
1123 707 1195 780 vita
1217 708 1275 780 de-

161 821 282 893 cedant
313 820 348 892 in
380 819 621 905 concubinatu,
651 819 743 891 nullo
780 820 860 892 dato
897 821 1121 918 poenitentiae
1153 821 1271 918 signo,

161 961 274 1009 carere
299 933 442 1007 debeant
457 933 686 1007 ecclesiastica
703 933 892 1032 sepultura,
913 959 965 1020 ac,
986 934 1016 1006 si
1036 934 1070 1004 in
1088 933 1160 1017 loco
1178 961 1274 1009 sacro

161 1050 284 1123 luerint
308 1049 442 1150 sepulti,
471 1048 646 1122 exhumari
673 1048 833 1134 debcant,
858 1066 890 1121 et
908 1050 942 1120 in
961 1049 1070 1123 locum
1098 1051 1274 1148 profanum

160 1163 261 1238 abiici
292 1166 380 1260 (14).
405 1166 592 1262 Numquam
620 1163 722 1261 igitur
746 1191 767 1236 a
792 1163 1015 1236 concubinatu
1040 1164 1182 1237 ecclesia
1208 1191 1273 1237 non

159 1280 358 1354 abborruitl

231 1395 368 1468 Accedit
394 1396 484 1494 quod
510 1397 675 1470 eiusmodi
702 1380 931 1470 concubinarii
958 1412 1128 1494 tamquam
1146 1395 1273 1495 publici

160 1526 351 1607 peccatores
378 1511 511 1609 publice
537 1512 606 1584 sint
623 1539 643 1584 a
661 1511 891 1611 superioribus
917 1510 1156 1583 ecclesiasticis
1175 1537 1274 1607 argu-

108 1687 114 1699 .
157 1624 235 1695 endi
263 1651 303 1697 ac
328 1625 446 1723 poenis
473 1625 658 1723 plectendi,
679 1643 778 1724 prout
803 1651 937 1698 rursum
955 1652 975 1698 a
993 1625 1176 1698 tridentino
1197 1651 1273 1698 con·

158 1739 312 1811 stitutum
339 1754 390 1811 cst
410 1739 665 1838 insequentibus
683 1740 814 1814 verbis:
835 1740 1043 1838 «Apostolus
1062 1757 1193 1826 monet,
1210 1767 1273 1839 pu-

157 1851 246 1926 blic'e
270 1871 446 1953 peccantes
466 1854 576 1953 palam
594 1881 671 1928 esse
687 1855 928 1953 corripiendos.
948 1855 1092 1942 Quando
1110 1856 1212 1951 igitur
1229 1855 1272 1927 ab

158 1967 274 2067 aliquo
299 1967 432 2066 publice
448 1984 481 2041 et
498 1969 534 2039 in
551 1967 730 2042 multorum
756 1984 940 2066 conspectu
965 1969 1091 2040 crimen
1115 1968 1273 2041 commis·

158 2107 233 2153 sum
261 2082 384 2170 luerit,
417 2082 507 2154 unde
536 2082 621 2155 alios
648 2081 808 2155 scandalo
842 2082 989 2155 offensos
1023 2098 1273 2180 commotosque

158 2195 266 2268 fuisse
291 2222 357 2269 uon
384 2197 429 2268 sit
453 2195 700 2282 dubitandum,
736 2196 816 2268 huic
848 2195 1049 2291 condignam
1080 2222 1142 2293 pro
1173 2196 1272 2270 modo

158 2311 278 2410 culpae
295 2311 534 2410 poeniteutiam
552 2310 685 2410 publice
703 2311 833 2409 iniungi
852 2324 997 2409 oportet,
1013 2327 1052 2382 ut
1063 2336 1148 2409 quos
1166 2315 1272 2383 exem·

158 2425 216 2523 plo
239 2452 303 2499 suo
328 2425 372 2498 ad
397 2426 504 2500 malos
536 2424 652 2499 mores
678 2425 889 2526 prouocauit,
919 2450 1002 2497 suae
1027 2424 1271 2498 emendationis

158 2541 349 2614 testimonio
373 2541 416 2614 ad
442 2557 568 2625 rectam
592 2557 724 2615 revocet
747 2542 849 2614 vitam
875 2543 905 2635 (1
913 2542 988 2635 b).»
1006 2540 1103 2612 Haud
1122 2565 1176 2612 me
1193 2539 1273 2612 latet

158 2654 234 2728 beic
257 2655 300 2726 de
325 2656 368 2728 iis
394 2656 468 2752 agi,
497 2658 555 2754 qui
580 2656 703 2729 delicto
727 2656 842 2757 aliquo
867 2655 1003 2754 publice
1020 2682 1057 2728 se
1081 2680 1269 2728 commacu-

158 2769 249 2856 lant,
277 2795 421 2868 reosque
445 2769 480 2841 in
506 2787 686 2870 conspectu
711 2771 935 2844 multitudinis
967 2797 1004 2843 se
1033 2771 1267 2856 constituunt,

160 2882 285 2982 quibus
309 2880 447 2984 publica
472 2885 563 2956 iuxta
588 2909 734 2958 canones
759 2884 964 2984 poenitentia
991 2887 1051 2956 est'
1067 2880 1267 2979 infligenda

158 3011 305 3070 attamen
329 3024 427 3070 nemo
452 2997 800 3097 negaveritpublicos
826 2997 1083 3071 concubinarios
1102 2997 1138 3066 in
1155 3021 1270 3070 eurum

154 3113 273 3185 venire
297 3123 452 3199 censum,
481 3112 540 3211 qui
566 3111 736 3186 scandalo.
751 3111 912 3211 populum
938 3112 1110 3197 alliciunt,
1131 3109 1190 3208 qui
1211 3135 1270 3183 eos

158 3243 286 3313 notat,
307 3225 418 3326 deque
441 3228 714 3327 eorumjvivendi
743 3228 872 3301 ratione
897 3225 1114 3326 obloquitur,
1143 3224 1271 3323 quique

157 3341 285 3414 idcirco
310 3341 352 3414 ad
378 3341 574 3416 scandalum
605 3340 830 3471 reparandum
855 3356 1011 3413 tenentur
1042 3338 1179 3439 publica
1203 3337 1272 3439 sal·

158 3473 224 3529 tem
249 3457 504 3555 resipiscentia,
534 3456 588 3530 sin
615 3456 726 3528 minus
751 3455 971 3582 determinata
1002 3453 1138 3602 publica
1163 3479 1271 3554 poena

158 3571 228 3644 sint
252 3571 431 3671 plectendi

231 3686 325 3773 Quae
350 3712 426 3759 cum
458 3688 505 3760 ita
530 3714 568 3760 sc
593 3686 758 3774 babeant,
787 3689 861 3760 rite
875 3714 916 3760 ex
941 3687 1138 3787 praemissis
1164 3684 1270 3783 dedu-

157 3799 268 3873 cimus
301 3827 381 3888 eos,
409 3801 469 3900 qui
486 3800 651 3875 civilibus
680 3818 836 3889 tantum,-
861 3808 962 3901 quas
971 3807 1116 3887 uocant,
1144 3799 1271 3927 nuptiis

159 4134 173 4184 b
232 4055 282 4118 (η)
298 4060 359 4120 cap.
370 4057 608 4110 Gamdtlactuuto
618 4038 875 4121 macenorum,
892 4010 978 4159 addtta
996 4057 1083 4159 Gtomu
1100 4053 1159 4104 taio
1172 4052 1271 4159 Concu

174 4137 284 4276 marllll
300 4217 360 4278 cap
377 4218 465 4266 sacris
484 4223 520 4267 to
538 4217 684 4282 Deseputt.
695 4217 814 4268 clement

230 4293 282 4360 (ts)
297 4295 361 4346 Saus.
373 4298 459 4347 ΠΝ,
473 4296 498 4345 lu
510 4297 610 4348 Daret.
623 4296 655 4348 dc
671 4296 778 4359 reform.
790 4308 843 4360 cap.
855 4304 879 4348 o.
