2872 5062
170 334 237 404 206
367 355 427 406 nm.
449 353 472 404 ι.
494 353 578 404 seor.
600 354 729 404 surum.
745 355 785 403 ns
803 354 933 405 erratu.
950 355 1055 407 crvnr.

167 491 201 549 et
224 475 338 572 gravia
363 489 500 573 peccata
524 473 730 572 perpendat,
751 487 838 573 quae
854 499 895 546 ex
911 473 1038 546 eisdem
1056 473 1276 550 clandestinis

167 590 332 688 coniugiis
358 606 465 664 ortum
492 589 640 678 hahent,
669 589 864 691 praesertim
889 615 968 664 vero
993 615 1127 679 corum,
1155 593 1214 692 qui
1240 595 1274 666 in

166 722 257 781 statu
272 691 498 781 damnationis
516 696 728 806 permanent,
748 703 829 778 dum
846 704 957 803 priore
972 731 1092 794 uxore,
1112 733 1190 782 cum
1206 734 1277 807 qua

166 824 253 899 clam
281 821 525 910 contraxerint,
554 822 689 910 relicta,
718 848 793 896 cum
818 821 885 895 alia
910 821 1023 923 palam
1047 823 1273 912 contrahunt,

165 953 199 1013 et
222 965 299 1012 cnm
315 964 356 1012 ea
372 938 408 1010 in
427 953 588 1037 perpetuo
613 936 778 1034 adulterio
802 936 938 1025 vivunt,
959 939 1014 1010 cui
1031 938 1120 1012 malo
1136 953 1213 1013 cum
1233 939 1275 1014 ab

165 1053 320 1141 ecclesia,
340 1079 427 1153 quae
443 1054 487 1126 de
503 1052 643 1128 occultis
661 1077 727 1125 non
745 1050 887 1138 iudicat,
908 1053 1041 1127 succuri
1063 1079 1128 1127 non
1146 1055 1271 1154 possit,

165 1170 231 1243 nisi
250 1168 419 1242 efficacius
438 1168 577 1269 aliquod
596 1167 779 1241 remedium
796 1166 1013 1255 adhibeatur,
1035 1169 1160 1242 idcirco
1182 1196 1212 1242 s.
1225 1169 1274 1244 la-

164 1283 349 1359 teranensis
382 1283 515 1357 concilii
545 1282 608 1356 sub
634 1283 826 1356 Innocentio
852 1283 910 1353 lll.
937 1282 1095 1356 celebrati
1120 1283 1273 1380 vestigiis

166 1397 392 1484 inhaerendo,
421 1397 583 1496 praecipit
608 1412 644 1469 ut
668 1397 703 1468 in
728 1412 897 1497 posterum
904 1454 1007 1467 .......
1013 1397 1054 1468 ad
1079 1395 1275 1470 celebratio-

163 1537 241 1607 nem
265 1511 466 1585 matrimonii
492 1509 526 1583 in
552 1512 638 1585 lacis
663 1511 824 1585 ecclesiae
849 1510 1069 1611 procedatur:
1090 1510 1148 1583 uhi
1174 1511 1273 1612 paro-

97 1705 99 1709 ,
163 1625 249 1717 chus
270 1627 342 1702 viro
359 1643 392 1700 et
407 1625 547 1700 muliere
564 1625 768 1725 iterrogatis,
789 1644 823 1700 et
839 1653 953 1702 eorum
970 1644 1085 1703 mutue
1102 1653 1271 1703 consensu

163 1740 350 1829 intellecto,
382 1741 435 1816 vel
467 1741 575 1828 dicat,
603 1728 674 1839 Epo
698 1768 754 1814 vos
780 1745 816 1814 io
840 1744 1082 1816 matrimonium
1114 1745 1273 1842 conioopo

162 1860 198 1929 io
221 1860 347 1932 nomios
364 1859 478 1930 Patris
496 1873 526 1930 ct
542 1857 626 1932 Filii
641 1873 672 1930 ct
687 1859 832 1956 Spiritus
848 1860 974 1942 sancti,
995 1859 1047 1930 vel
1065 1858 1142 1931 aliis
1160 1874 1274 1933 utatur

162 1971 275 2047 serbis
293 1974 386 2048 iuxta
399 1985 569 2072 receptum
587 1973 854 2072 uniuscuiusque
876 1973 1067 2071 provinciae
1088 1974 1269 2051 ritum.-.·...

164 2087 230 2174 Qui
254 2086 352 2161 aliter
376 2097 479 2186 qua'm
505 2100 680 2187 praesente
704 2087 869 2187 parocho,
885 2087 937 2162 vel
955 2087 1213 2168 aliosatterdote
1231 2087 1275 2164 de

162 2202 273 2303 ipsius
296 2202 446 2303 'parochi'
463 2228 525 2278 seu
550 2201 710 2278 ordinarii
728 2201 875 2289 licentia,
895 2217 931 2278 et.
945 2201 1077 2277 duobus
1093 2202 1146 2276 vel
1157 2200 1273 2281 trihus

161 2318 303 2394 testibus
320 2318 584 2393 matrimonium
602 2317 798 2393 contrahere
822 2316 1049 2404 attentabunt,
1076 2342 1135 2398 cos
1160 2345 1190 2395 s.
1211 2319 1275 2418 Sy·.

161 2434 277 2509 nodus
295 2434 339 2507 ad
364 2436 414 2507 sic
440 2433 704 2526 contrahendum
724 2431 1058 2511 'omninoinh'abiles
1084 2432 1213 2521 reddit,
1241 2448 1274 2507 st

161 2546 355 2621 huiusmodi
380 2558 570 2623 contractus
587 2547 701 2622 irritos
716 2562 751 2621 et
766 2546 882 2624 nullos
894 2573 971 2623 esse
987 2546 1152 2635 decernit,
1166 2562 1273 2646 ‚prout

160 2686 226 2734 eos
244 2663 414 2759 praesenti
439 2661 607 2736 decreto
597 2663 709 2736 unitos
728 2663 807 2736 lacit
822 2679 857 2737 et
872 2660 1034 2737 annullat.
1052 2663 1198 2790 Insuper
1214 2688 1274 2763 pa-

160 2773 312 2862 rochum,
328 2775 381 2848 vel
394 2775 498 2850 alium
513 2762 733 2864 sacerdotem,
751 2776 899 2875 quicum
912 2776 1039 2850 minore
1056 2775 1193 2854 testium
1210 2803 1274 2851 nu-

158 2896 264 2979 mero,
278 2907 317 2966 ct
328 2907 443 2979 testes,
459 2890 519 2990 qui
537 2891 611 2965 sine
629 2890 788 2990 parocho,
803 2889 856 2964 vel
874 2890 1059 2978 sacerdote,
1076 2873 1271 2967 huiusmodi

158 3007 343 3084 contractui
369 3007 596 3093 interfuerint,
618 3030 772 3080 necnon
798 3007 891 3104 ipsos
916 3003 1172 3093 contrahentes,
1195 3031 1272 3104 gra-

158 3123 376 3200 uiterssahitrio
389 3123 549 3199 ordinarii
562 3122 675 3223 puniri
688 3122 853 3222 praecipit
855 3177 946 3194 ......
950 3121 1106 3197 Deseruit
1115 3122 1268 3222 insuper,

158 3256 198 3314 ιι
219 3239 414 3315 huiusmodi
430 3239 609 3314 decretum
626 3238 884 3337 in'unaquaqus
908 3236 1068 3337 parochia
1091 3251 1195 3313 sunm
1218 3263 1272 3313 ro·

156 3355 479 3455 hui-postntriginta
495 3355 576 3430 -dies
602 3353 728 3429 hahere
752 3353 915 3453 incipiat,
934 3353 1029 3427 odie
1052 3351 1272 3452 primacpu-

155 3469 345 3546 hlieationis
362 3470 731 3570 ineadem'paroehia
755 3471 875 3556 laetae,
894 3468 1179 3543 numerandosm
1201 3478 1205 3501 ³

53 3575 55 3577 ’
194 3643 196 3647 .
227 3586 279 3675 En
307 3585 382 3674 his,
410 3586 493 3685 quid
523 3585 633 3659 civilis
654 3585 967 3683 ‘coniugiinominc'
995 3585 1134 3670 veniat,-
1149 3583 1271 3658 intelli·

156 3701 257 3800 gitur.
279 3700 399 3774 Civilia
423 3700 596 3774 connuhia
615 3727 656 3774 ea
679 3701 847 3788 dicuntur,
868 3699 1022 3800 quaessiis
1048 3699 1083 3771 in
1107 3697 1207 3785 locis,
1235 3699 1268 3770 i'n

156 3815 281 3915 quihus
305 3814 512 3938 publicatum
529 3830 581 3889 est
597 3814 731 3888 concilii
748 3814 920 3889 tridentini
942 3815 1118 3888 decretum
1136 3820 1269 3887 conna-

156 3930 282 4041 hupt'ur
306 3934 419 4007 eoram
443 3930 526 4005 solis
544 3929 802 4029 magistratibus
832 3929 999 4005 civilibus
1021 3927 1097 4055 sine
1128 3926 1267 4086 parochi

155 4031 386 4146 praesentia
509 4129 511 4134 ,
1048 4079 1050 4083 ·
1093 4097 1096 4103 =

206 4160 346 4260 ltaque
368 4160 523 4260 quisque
541 4160 641 4234 facilc
665 4105 820 4288 iutelligit
845 4104 972 4234 hei-ca
979 4158 1078 4235 nohis
1096 4170 1172 4232 non
1197 4157 1267 4254 agi·

155 4274 237 4346 tari
250 4275 480 4375 quaestionem
509 4276 553 4349 dc
574 4274 735 4370 coniugio
756 4274 850 4349 civili
880 4274 1079 4350 universim
1098 4277 1259 4370 sumpto,
