2872 5062
230 348 296 422 tao
421 371 484 423 un
504 372 527 422 r.
549 368 636 422 esur.
657 367 788 421 aarum.
810 371 849 422 ns
875 368 1007 424 nsunt.
1028 368 1135 423 curti.

226 488 312 562 licae
329 513 373 562 au
390 486 508 565 deceat
531 511 570 560 ae
595 486 753 586 expediat
777 486 923 561 tribuere
947 487 1087 562 ellectus
1110 485 1229 560 civiles
1254 511 1339 579 cona

228 603 382 701 iugibus,
411 601 471 701 qui
497 600 624 698 degunt
649 601 683 673 in
709 600 945 675 concubinatu.

300 717 385 790 dnte
410 715 589 791 concilium
615 716 833 789 tridentinum
858 715 1015 813 coniugia
1038 715 1249 790 clandestina
1269 741 1339 790 non

228 830 527 918 contrahebantur,
557 846 595 904 ut
619 831 776 929 opinatur
799 830 1034 918 adversarius,
1057 830 1150 904 iuxta
1173 831 1266 930 leges
1287 830 1338 904 ci-

227 946 325 1021 uiles.
354 945 546 1021 hbsurdum
572 945 699 1045 quippe
724 961 776 1018 est
800 945 913 1018 dicere
937 945 980 1017 ad
1011 970 1162 1019 normam
1186 944 1337 1019 civilium

228 1060 340 1158 legum
365 1058 567 1133 celebratum
592 1058 698 1133 luisse
723 1059 934 1156 coniugium,
964 1057 1056 1158 quod
1080 1056 1342 1133 contrahebatur

229 1190 374 1260 secreto,
404 1199 443 1246 ao
469 1173 543 1247 sinc
566 1172 647 1247 ullis
671 1171 829 1259 testibus;
854 1187 887 1246 et
909 1171 974 1245 hao
991 1172 1033 1246 de
1049 1199 1153 1247 causa
1177 1189 1225 1247 tot
1255 1174 1341 1248 orie

227 1289 368 1376 bantur,
389 1304 428 1361 ut
442 1287 603 1376 vidimus,
620 1287 781 1360 scandala
797 1303 829 1359 et
847 1286 1058 1360 incommoda
1075 1286 1199 1387 quibus
1217 1288 1336 1377 fiebat,

228 1420 266 1476 ut
290 1430 358 1477 non
383 1402 482 1503 pauci
509 1403 653 1503 separati
672 1429 692 1474 a
708 1429 788 1476 vera
809 1403 968 1500 coniuge,
993 1428 1070 1475 cum
1092 1401 1160 1475 alia
1179 1404 1341 1502 coniuge·

229 1534 344 1593 rentur
360 1519 394 1591 in
413 1518 498 1591 laoie
515 1517 679 1593 ecclesiae
695 1544 736 1591 ac
753 1518 789 1590 in
807 1534 967 1618 perpetuo
984 1516 1149 1591 adulterio
1167 1518 1336 1607 viverent,

228 1648 266 1705 ut
278 1632 412 1706 silentio
428 1646 632 1731 praeteream
649 1632 806 1732 nuspiam
826 1631 896 1704 lere
915 1647 996 1705 tunc
1009 1631 1169 1731 temporis
1185 1631 1278 1730 leges
1296 1635 1341 1707 oi·

228 1746 315 1821 viles
332 1747 375 1820 de
392 1747 516 1847 quibus
537 1746 662 1844 agitur,
686 1745 853 1844 uiguisse,
878 1772 918 1820 ac
939 1747 1101 1820 rationem
1117 1748 1339 1823 contrahenda

230 1863 390 1959 coniugia
420 1860 632 1941 clandestina
665 1861 810 1934 maximo
839 1861 947 1935 luisse
979 1862 1135 1936 idoneam
1166 1864 1210 1938 ad
1246 1863 1340 1962 leges

231 1977 347 2051 ciuiles
372 1976 571 2051 eludendas.

303 2094 446 2193 Insuper
475 2093 617 2171 assumit
645 2093 859 2167 adversarius
889 2111 926 2167 ut
953 2111 1096 2183 certum,
1129 2094 1221 2194 quod
1246 2095 1340 2169 iuxta

230 2208 429 2283 catholicam
459 2207 644 2282 doctrinam
674 2224 725 2281 est
750 2235 889 2308 prorsus
919 2208 1057 2284 salsum:
1087 2210 1217 2284 scilicet
1240 2237 1342 2285 assu·

230 2325 292 2397 mit
313 2324 479 2421 coniugiis
504 2323 571 2396 illis
595 2324 815 2399 clandestinis
838 2324 988 2398 defuisse
1011 2326 1211 2399 sacramenti
1229 2325 1342 2424 digni-

231 2455 349 2527 tatem;
370 2455 405 2513 at
426 2466 522 2528 vero,
549 2440 598 2512 uti
620 2439 849 2528 ostendimus,
870 2439 1013 2513 ecclesia
1035 2440 1093 2513 illa
1114 2440 1235 2514 habuit
1255 2456 1341 2515 tam-

231 2580 333 2652 quam
357 2580 437 2627 vera
468 2569 689 2626 sacramenta.
719 2553 774 2627 Sic
799 2554 899 2627 etiam
924 2553 1047 2628 lalsum
1072 2557 1240 2655 estquod
1267 2556 1341 2656 ipse

231 2694 364 2740 rursum
390 2668 554 2754 affirmat,
583 2667 761 2742 ecclesiam
786 2695 826 2742 ea
851 2696 918 2742 non
944 2668 1106 2743 habuisse
1134 2686 1172 2743 ut
1200 2670 1338 2760 illicita,

231 2781 410 2856 inhonesta
422 2807 462 2854 ao
477 2781 602 2881 turpia;
631 2781 800 2882 siquidem
826 2782 1004 2857 concilium
1025 2783 1244 2858 tridentinum
1262 2811 1343 2860 oon·

231 2896 367 2969 trarium
394 2896 492 2996 plane
516 2910 675 2984 testatur,
704 2896 784 2970 dum
808 2897 982 2998 profitetur
1008 2897 1187 2973 ecelesiam
1211 2899 1274 2973 Dei
1300 2927 1345 2974 ec

229 3012 418 3086 iustissimas
452 3016 559 3086 causis
584 3011 646 3084 illa
675 3038 799 3112 semper
828 3013 1017 3086 detestatam
1044 3040 1110 3088 csse
1139 3030 1235 3114 atque
1264 3043 1343 3115 pro·

232 3127 385 3199 hiboisse.
889 3145 894 3158 '

302 3242 475 3317 Absonnm
502 3271 601 3344 porro
625 3260 728 3319 estet
748 3231 1040 3346 erroneum'quod
1062 3245 1187 3320 adiecit
1210 3262 1338 3334 orator,

230 3382 331 3456 posse
352 3359 453 3432 etiam
477 3377 553 3460 post
576 3361 755 3434 concilium
781 3361 998 3434 tridentinum
1014 3360 1162 3459 legitimo
1179 3360 1339 3435 celebrari

229 3471 467 3561 matrimonia,
501 3474 530 3548 si
562 3474 718 3575 princeps
750 3474 935 3548 catholicus
968 3473 1049 3549 velit
1077 3475 1112 3547 in
1143 3501 1248 3573 regno
1278 3503 1340 3551 suo

151 3659 152 3662 ,
229 3585 355 3660 lormae
372 3613 393 3660 a
409 3588 552 3662 concilio
570 3590 790 3687 praestitutae
808 3587 910 3660 aliam
928 3588 1127 3686 subrogare,
1149 3589 1178 3662 si
1196 3589 1287 3664 idem
1305 3591 1342 3662 fi-

229 3701 285 3775 nis
303 3700 493 3774 obtineatur
514 3702 720 3800 impediendi
742 3703 957 3776 matrimonia
974 3702 1202 3776 clandestina:
1223 3705 1342 3804 ecquis

228 3816 318 3889 enim
344 3819 502 3918 princeps
529 3818 602 3890 sive
626 3816 812 3891 catholicus
830 3818 902 3891 sive
918 3817 1125 3892 acatholicus
1143 3834 1255 3917 potest
1275 3820 1339 3892 sibi

226 3958 383 4030 arrogare
417 3946 615 4031 potestatem
641 3959 745 4033 supra
769 3933 951 4007 concilium
976 3932 1250 4022 oecumenicum,
1280 3960 1340 4009 seu

226 4073 330 4146 supra
356 4047 533 4121 ecclesiam
559 4048 804 4136 universalem,
831 4049 1049 4150 proponendo
1071 4048 1173 4122 aliam
1196 4050 1339 4123 formam

224 4159 270 4232 ab
293 4186 334 4233 ea
360 4161 528 4235 diversam
553 4188 654 4262 quam
680 4162 824 4236 ecclesia
854 4162 1058 4238 constituit?
1083 4163 1148 4252 Qui
1178 4164 1244 4239 hoo
1276 4165 1340 4237 im-

226 4275 375 4372 prudens
400 4276 557 4365 blaterat,
575 4277 685 4376 palam
703 4304 740 4351 se
759 4279 913 4375 ignorare
934 4279 1091 4379 patefacit
1108 4279 1197 4355 hano
1218 4280 1340 4354 doctri·
