2872 5062
354 408 423 460 cnr.
445 408 480 460 ιι.
503 410 542 459 nn
567 406 726 460 ιιιιιιιιιιο.
749 410 819 459 ιιι.
841 413 888 460 ιιι.
911 410 1080 462 cononica.
1221 378 1262 462 ‘81

157 544 259 629 prout
276 527 320 600 ab
336 527 526 601 alterutrius
553 529 737 601 sententiae
763 530 912 627 patronis
937 530 972 601 in
997 529 1144 603 medium
1169 531 1271 606 allata

156 658 246 718 sunt.
276 642 474 717 constanter
497 658 607 716 autem
632 644 1066 719 exordiemurallelchiore
1083 646 1191 732 Cano,
1212 648 1270 747 qui

158 759 343 832 sententiae
355 758 398 832 dc
408 758 582 832 sacerdote
599 758 798 832 sacramenti
812 751 1014 832 matrimonii
1028 760 1180 858 ministro
1198 788 1271 862 pro

159 887 380 972 pugnatorum
395 897 514 969 agmen
528 872 632 945 ducit.
642 872 854 970 Argumentis
872 888 981 946 autem
995 901 1015 945 a
1029 874 1121 973 Cano
1133 875 1272 973 prolatis

161 1011 202 1060 ea
220 985 434 1074 adiiciemus,
455 1012 543 1087 quae
559 986 603 1060 ab
620 988 696 1061 aliis
713 988 836 1061 deinde
853 989 1037 1087 excogitata
1053 1003 1142 1062 sunt.
1164 989 1271 1061 Simili

161 1099 288 1175 ratione
321 1115 519 1198 argumenta
544 1129 584 1176 ex
609 1102 727 1202 ordine
758 1103 964 1202 proferemus
989 1118 1021 1175 et
1045 1104 1271 1202 expendemus

160 1239 221 1313 pro
248 1214 353 1289 altera
377 1215 559 1303 sententia,
587 1242 674 1316 quae
699 1217 931 1290 contrahentes
964 1217 1061 1291 docet
1084 1244 1160 1292 esse
1183 1218 1273 1290 chri·

157 1330 259 1404 atiani
284 1330 488 1405 matrimonii
520 1330 704 1405 ministros.

590 1548 753 1606 CAPUT
774 1549 853 1604 111.

234 1710 426 1764 auscultata
452 1712 655 1764 sarranates
680 1716 738 1765 PRO
764 1717 935 1766 SENTENTIA
960 1717 999 1765 DE
1024 1714 1200 1766 stcaauora

443 1810 620 1863 sslilllSTlle
646 1812 833 1864 uttatnottss
860 1814 1006 1864 ttttttsrau

593 1939 806 2022 iarrcunus
819 1966 843 2024 ι.

555 2097 734 2175 Argumenta
761 2099 882 2160 Btbllca.

235 2241 282 2318 hc
304 2246 412 2346 primo
437 2245 572 2344 quidem
598 2245 687 2344 quod
714 2260 841 2344 spectat
858 2246 901 2318 ad
920 2260 1114 2343 argumenta
1130 2243 1270 2331 biblica,

163 2360 288 2435 frustra
313 2375 368 2434 est
392 2360 436 2433 ah
459 2360 561 2433 huius
586 2361 771 2433 sententiae
798 2375 964 2434 assertore
986 2361 1078 2433 Cano
1103 2385 1274 2432 sacrarum

162 2474 359 2549 litterarum
373 2474 563 2548 testimonia
596 2500 775 2573 quaerere;
810 2501 913 2574 quum
939 2501 982 2546 ne
1005 2501 1109 2547 unum
1139 2473 1275 2573 quidem

161 2589 409 2690 scripturarum
426 2589 536 2661 locum
558 2587 601 2661 ab
618 2615 658 2662 eo
675 2588 812 2662 allatum
838 2589 1039 2676 invenerim,
1061 2616 1100 2661 ex
1117 2574 1184 2688 quo
1203 2589 1277 2687 ipsc

163 2704 363 2778 sententiam
385 2729 481 2776 suam
498 2702 552 2778 vel
571 2704 721 2777 hauserit
746 2704 870 2803 primo,
897 2704 950 2778 vel
975 2704 1171 2778 deducendo
1195 2730 1275 2777 con-

166 2817 323 2890 firmarit.

236 2931 354 3005 Veram
372 2932 462 3031 quod
479 2931 591 3005 Canus
609 2932 809 3020 nonhabet,
831 2932 866 3005 id
884 2935 1081 3007 invenerunt
1093 2934 1273 3033 scriptores

164 3046 381 3134 recentiores,
401 3047 460 3147 qui
478 3047 560 3120 Cani
578 3048 774 3121 sententiam
793 3049 925 3147 sequuti
944 3062 1034 3120 sunt.
1052 3049 1135 3119 Nam
1154 3061 1274 3143 urgent

164 3163 232 3237 lere
249 3188 367 3236 omnes
388 3160 537 3260 theologi
558 3163 661 3236 huius
679 3165 862 3237 sententiae
879 3161 1028 3261 patroni,
1048 3162 1139 3260 quod
1156 3160 1278 3258 legitur

166 3279 191 3350 l.
207 3277 285 3351 Cor.
301 3277 354 3348 lv.
372 3279 407 3348 1.
426 3277 510 3350 «sic
526 3303 588 3351 nos
606 3278 772 3352 existimet
788 3278 887 3351 homo
901 3293 938 3348 ut
952 3276 1122 3350 ministros
1135 3276 1274 3362 Christi,

166 3407 197 3491 et
219 3391 458 3491 dispensatores
482 3396 710 3492 mysteriorum
727 3394 800 3465 Dei.
808 3422 825 3461 »
842 3394 911 3464 lam
927 3417 1023 3478 vero,
1045 3392 1158 3478 aiunt,
1180 3417 1277 3463 nemo

167 3505 299 3605 estqui
320 3504 450 3579 dubitet
474 3505 539 3579 hac
560 3506 676 3604 phrasi
701 3509 927 3606 mysteriorum
950 3506 1014 3576 Dei
1036 3505 1205 3602 designari
1230 3532 1280 3576 sm

166 3633 331 3693 monente
355 3644 461 3693 novae
485 3619 595 3718 legis3
624 3647 700 3694 cum
725 3621 825 3719 igitur
850 3621 968 3692 horum
996 3635 1279 3693 sacramentorum

167 3732 350 3807 universim
370 3735 559 3809 sacerdotes
578 3735 621 3808 ab
638 3735 798 3834 Apostolo
819 3748 932 3833 aperte
956 3734 1206 3833 dispensatores
1224 3760 1281 3831 ap

168 3847 349 3947 pellentur,
378 3874 590 3950 consequens
610 3866 680 3938 est,
707 3867 745 3925 ut
769 3849 1051 3951 quemadmodum
1076 3866 1277 3934 ceterorum,

169 3963 213 4038 ita
237 3977 274 4037 et
297 3964 497 4039 sacramenti
522 3965 726 4039 matrimonii
752 3964 908 4039 sacerdos
935 3964 1147 4062 dispensator
1164 3962 1227 4046 sit,
1248 3976 1282 4033 et

166 4078 336 4153 minister.

238 4195 311 4267 lmo
326 4193 513 4269 hlarianum
525 4194 715 4294 Dohmayer
732 4195 952 4268 affirmantem
970 4191 1126 4288 legimur,
1148 4204 1281 4261 senten-

169 4309 266 4399 tiam,
294 4335 382 4410 quae
407 4311 614 4387 sacerdotem
640 4309 839 4384 sacramenti
864 4305 1066 4382 matrimonii
1091 4304 1281 4377 ministrum

1221 4452 1238 4502 6
