2872 5062
358 368 426 419 cir.
446 369 493 420 nr.
512 370 552 418 nr
574 371 704 421 atrata.
731 371 842 420 eminis
866 371 955 420 tran.
974 372 1044 420 tar.
1064 371 1086 420 1.
1208 352 1276 421 Μ

234 487 403 560 Secundo:
420 489 524 560 immo
537 513 616 562 vero
630 515 670 560 ea
684 487 736 562 lex
748 503 973 588 contemptum
988 488 1101 587 prodit
1113 490 1276 564 ecclesiae

163 627 232 675 non
260 602 397 676 tacitum
425 602 544 688 modo,
573 603 632 676 sed
659 619 812 702 apertum
837 604 937 676 etiam
963 619 1063 701 atque
1089 604 1274 678 formalem.

162 717 317 791 Assumit
341 716 431 789 enim
457 745 559 818 posse
584 720 776 818 quempiam
803 720 941 817 impune
966 719 1001 789 id
1027 719 1158 805 lacere,
1187 722 1277 820 quod

161 832 228 906 suh
245 833 397 930 gravium
417 832 644 931 spiritualium
669 860 851 933 poenarum
876 833 1147 908 interminatione
1173 834 1279 908 eccle-

161 949 214 1021 sia
235 975 278 1020 ne
299 948 360 1020 fiat
385 947 567 1022 interdicit.
588 948 761 1024 Ecclesiae
777 950 869 1048 leges
882 949 965 1023 acsi
979 950 1136 1050 nuspiam
1154 951 1277 1026 existe-

161 1079 237 1137 rent
260 1065 473 1160 ignorantur,
495 1065 547 1136 vel
566 1065 677 1164 potius
704 1064 848 1139 scienter
872 1065 1087 1165 volenterque
1111 1092 1278 1164 spernun-

160 1195 243 1265 ειυς
277 1179 456 1252 auctoritas
487 1180 562 1279 ipsa
593 1206 655 1278 pro
686 1180 794 1253 nihilo
820 1180 972 1253 hahetur.
1008 1182 1068 1254 Est
1094 1207 1135 1254 ne
1160 1181 1225 1255 hoc
1257 1209 1278 1254 a

162 1293 327 1392 religione
351 1293 517 1367 catholiea
549 1293 786 1395 praescindere
810 1295 1103 1395 abstrahereque,
1136 1321 1180 1368 an
1210 1323 1277 1370 non

160 1408 277 1508 potius
300 1435 376 1483 eam
401 1426 515 1509 aperte
546 1410 795 1485 contemnere?
830 1413 891 1485 Est
921 1438 964 1484 ne
996 1410 1080 1485 haec
1115 1412 1276 1486 innocens

160 1523 328 1624 quaedam
347 1523 400 1597 lex
425 1551 510 1623 pure
534 1524 664 1612 civilis,
693 1553 735 1598 an
761 1528 874 1625 potius
900 1527 954 1599 lex
978 1526 1216 1632 anticatholioa
1237 1554 1277 1600 ac

163 1638 294 1739 impia?

204 1810 208 1815 ³
233 1755 361 1829 Tertio:
382 1755 539 1830 latentem
557 1758 668 1857 prodit
684 1758 970 1845 incredulitatem,
991 1776 1094 1859 atque
1112 1775 1274 1832 secretam

161 1894 276 1942 atera
292 1869 454 1967 religione
476 1873 696 1971 apostasiam.
712 1874 813 1959 Sane,
829 1873 950 1947 coniici
963 1874 1020 1947 vix
1033 1890 1144 1972 potest
1164 1899 1280 1973 quem·

161 1983 255 2082 piam
286 1984 375 2058 serio
407 1986 543 2060 credere
575 1988 771 2084 religionem
802 1988 1000 2062 catholicam
1033 1991 1133 2064 unice
1162 2016 1275 2063 veram

159 2127 256 2188 esse,
280 2127 341 2174 seu
357 2097 474 2175 rerum
492 2103 700 2203 unicumque
723 2104 1015 2177 christianismum
1036 2105 1198 2179 divinitus
1215 2104 1278 2178 da-

158 2232 248 2303 tum,
270 2215 329 2316 qui
347 2232 458 2290 tamen
484 2218 623 2290 firmiter
646 2218 738 2316 apud
764 2245 802 2291 se
826 2220 1006 2292 constituat
1023 2221 1058 2290 in
1077 2220 1179 2292 talem
1197 2244 1276 2320 pec-

158 2330 225 2404 cati
258 2331 442 2406 habitualis
469 2348 593 2406 statum
627 2359 664 2406 se
689 2333 855 2406 coniicere
884 2361 925 2407 ex
950 2361 1043 2434 quo,
1073 2336 1139 2408 nisi
1164 2335 1276 2409 doleat

160 2445 346 2546 aliquando
375 2463 416 2521 et·
433 2447 623 2545 resipiscat,
651 2463 742 2521 certo
766 2448 862 2521 novit
883 2475 923 2521 se
947 2465 1118 2521 aeternum
1140 2450 1277 2522 damna·

161 2580 232 2635 tum
250 2561 293 2635 iri
310 2562 403 2635 iuxta
424 2563 577 2636 eiusdem
599 2563 765 2637 eeclesiae
781 2563 968 2636 doctrinam
987 2591 1026 2637 ao
1044 2565 1275 2638 firmissimum
1347 2638 1349 2643 .

161 2677 307 2775 dogma,
334 2679 405 2750 lam
438 2704 517 2752 vero
550 2675 627 2752 talis
659 2696 712 2752 est
745 2704 860 2753 eorum
886 2696 1015 2767 status,
1045 2681 1104 2780 qui
1130 2680 1275 2779 nuptiali

161 2793 287 2865 foederi
305 2793 396 2866 civili
413 2809 543 2868 tantum
567 2797 712 2869 contenti
735 2790 820 2868 nihil
846 2795 987 2870 ulterius
1014 2812 1188 2894 satagunt,
1214 2822 1275 2869 nec
1369 2801 1371 2806 ’

162 2932 202 2979 se
228 2906 345 3013 sistere
376 2933 489 2981 coram
515 2905 659 2983 ecclesia
692 2906 907 3008 pertinaciter
942 2911 1079 2998 volunt,
1104 2936 1153 2984 ‘eo
1182 2911 1273 3009 quod

159 3021 281 3120 alege
310 3023 401 3097 civili
427 3051 492 3097 non
518 3025 774 3124 compellantur,
803 3027 845 3096 Hi
874 3028 982 3114 enim,
1011 3043 1049 3099 ut
1073 3024 1173 3125 paulo
1198 3041 1287 3112 ante,

157 3138 387 3226 ostendimus,
416 3133 450 3211 in
476 3156 590 3240 aperto
604 3167 648 3213 ac
664 3134 793 3216 nelarie
818 3142 1041 3216 concubinatu
1066 3141 1213 3238 degunt,
1234 3166 1273 3212 ac

158 3254 303 3353 proinde
329 3255 365 3326 in
391 3255 535 3328 lethiferi
561 3257 822 3356 gravissimique
847 3257 974 3358 peccati
999 3272 1100 3330 statu.
1126 3254 1168 3327 Hi
1198 3281 1276 3356 pro-

134 3431 138 3438 .
159 3370 247 3442 lecto
268 3371 395 3442 nemini
418 3372 573 3470 prudenti
593 3373 861 3471 persuadebunt,
883 3400 920 3446 se
943 3373 1120 3446 ecclesiam
1139 3372 1275 3446 credere

160 3482 305 3584 eiusque
330 3485 532 3573 doctrinam,
562 3487 717 3585 quamuis
742 3487 889 3561 exterius
914 3487 1114 3561 catholicam
1141 3486 1275 3584 religio-

155 3625 234 3674 nem
250 3602 486 3702 profiteantur,
503 3602 564 3675 sed
579 3602 743 3675 increduli
758 3602 956 3702 plerumque
970 3619 1064 3691 sunt,
1089 3604 1142 3676 sin
1161 3604 1273 3674 minus
1311 3593 1313 3599 ’

157 3713 363 3806 theoretice,
388 3719 534 3817 practice
561 3718 692 3792 saltem.
723 3717 812 3803 Quid
837 3745 936 3818 porro
961 3717 1024 3792 erit
1048 3717 1270 3802 sentiendum,

157 3849 216 3904 ant
237 3832 417 3905 dicendum
443 3834 485 3907 de
511 3834 553 3907 iis
579 3833 887 3934 pseudopoliticis,
916 3835 975 3934 qui
1001 3834 1109 3930 legem
1134 3833 1273 3904 immani

158 3943 273 4021 lurore
297 3965 418 4048 urgent
443 3967 705 4049 promoventque
730 3949 808 4024 totis
830 3950 980 4037 viribus,
1000 3976 1067 4049 qua
1092 3946 1274 4021 fornicaria

157 4062 220 4137 illa
239 4064 375 4138 vivendi
400 4066 486 4138 ratio
512 4066 749 4139 cohonestetur
773 4090 886 4139 coram
911 4064 1069 4139 societate
1091 4061 1275 4136 christiana

158 4193 193 4282 et
222 4180 419 4255 catholica?
444 4182 614 4281 Numquid
629 4173 631 4177 Α
645 4182 727 4255 istos
760 4183 907 4256 sinceros
941 4179 1058 4252 fideles
1089 4178 1216 4250 dixeris
1241 4192 1274 4248 et

157 4294 322 4384 habebis,
341 4314 376 4372 et
392 4323 459 4372 non
477 4297 590 4395 potius
609 4296 792 4373 catholicos
810 4310 1029 4396 personatos,
1049 4292 1108 4393 qui
1126 4292 1272 4391 exterius
