2872 5062
199 364 1105 423 marmannorum-cnmusicamnrcuno.rme.
1166 353 1235 425 1⁰3

121 483 353 572 coniunctam4
374 483 543 581 suggerite
555 483 625 573 illi,
647 501 767 558 utnon
785 485 925 561 moleste
948 488 1034 562 leret
1053 489 1237 588 legitimam

121 597 188 672 sibi
197 597 208 670 ’.
226 656 233 670 .
248 657 256 671 .
273 598 501 673 :reconciliari
523 625 659 674 uxorem
687 602 777 696 (4).»
795 603 896 675 Ροιιο
920 629 961 676 ex
985 604 1041 678 bis
1066 604 1172 706 liquet
1200 608 1237 682 in

121 713 216 788 bisce
240 714 413 813 rescriptis
440 712 643 789 coniunctim
667 716 722 813 agi
741 717 785 788 de
803 717 955 807 indiciis,
986 720 1112 819 quibus
1136 721 1237 820 legati

121 827 286 959 pontificii
300 828 457 902 certiores
468 828 586 902 fierent
594 829 637 902 de
644 845 825 919 contracto
834 848 891 905 aut
900 858 967 906 non
980 850 1148 909 contracto
1160 863 1237 911 con-

121 945 225 1042 ingio,
241 944 328 1016 inter
343 969 433 1043 quae
448 947 642 1018 recensetur
659 945 743 1019 ritus
757 945 934 1035 ecclesiae,
952 950 1237 1047 quemadmodum

121 1074 337 1134 recensentur
353 1075 455 1134 testes
468 1077 503 1134 et
514 1061 571 1134 dos
584 1063 764 1160 promisso,
781 1062 933 1162 adeoque
941 1063 1112 1138 eiusmodi
1125 1077 1237 1140 sacer·
1238 1098 1240 1103 ·

121 1176 210 1251 dotis
235 1175 431 1250 benedictio
450 1176 591 1276 perinde
608 1176 696 1250 valet
720 1204 759 1251 ac
779 1178 916 1276 publico
940 1181 1177 1279 manifestatio,
1202 1197 1236 1256 et

120 1292 207 1365 nibil
221 1308 410 1393 praeterea;
426 1320 496 1393 qua
507 1292 644 1422 publica
656 1293 926 1368 manifestatione
938 1309 1067 1393 poterat
1082 1305 1235 1371 constare

120 1406 216 1481 de
186 1433 267 1482 vero
291 1407 504 1482 matrimonio
527 1408 611 1482 inito
635 1409 722 1482 inter
745 1408 936 1482 lotharium
954 1425 987 1482 et
1002 1410 1231 1486 Waldradam.

119 1524 161 1598 llt
177 1523 215 1596 bi
236 1523 377 1623 proinde
403 1538 511 1598 tentus
536 1539 707 1624 tamquam
733 1525 845 1598 minus
871 1525 1050 1625 opportuni
1076 1537 1157 1602 sunt
1180 1551 1235 1666 se·
1290 1606 1292 1622 ,χ
1371 1519 1373 1522 ’

120 1638 297 1783 ponendi.
1086 1682 1088 1686 ·

146 1754 341 1842 Quartus
365 1771 418 1830 est
442 1755 780 1856 pseudo-Eranam,
803 1782 844 1830 ac
866 1756 1007 1830 refertur
1030 1783 1053 1830 a
1077 1757 1234 1834 Gratiano

121 1871 242 1945 eausa*
256 1871 356 1963 XXX.
379 1898 438 1971 qu.
461 1873 520 1943 10.
542 1897 572 1944 c.
590 1873 625 1943 1.
642 1871 756 1957 Aliter,
779 1886 813 1944 et
834 1872 881 1944 ita
902 1871 1079 1946 sehabet:
1100 1870 1234 1948 «Aliter

38 2051 41 2058 .
116 1985 206 2060 enim
223 1984 408 2083 legitimum
431 1989 493 2082 (ut
509 2012 529 2058 a
545 1985 699 2084 patribus
721 1986 931 2086 accepimus,
953 2012 1138 2087 eorumque
1154 2013 1234 2063 sue-

118 2099 309 2174 cessoribus
336 2099 495 2174 traditum
521 2099 734 2195 invenimus)
759 2126 826 2173 non
851 2099 896 2172 sit
919 2099 1135 2197 coniugium,
1164 2101 1232 2177 nisi

119 2214 164 2288 ab
181 2214 254 2304 bis,
271 2215 331 2315 qui
349 2218 450 2315 super
468 2216 578 2315 ipsam
592 2214 779 2289 ¹foeminam
797 2213 1059 2289 dominationem
1075 2215 1234 2289 videntur

119 2329 259 2419 babere,
286 2346 321 2404 et
343 2357 365 2403 a
388 2329 514 2431 quibus
547 2329 752 2417 custoditur,
780 2354 864 2401 uxor
889 2342 1044 2428 petatur,
1073 2345 1106 2403 et
1130 2356 1150 2402 a
1176 2356 1233 2429 pa-

117 2445 287 2533 rentibus,
308 2446 374 2518 'aut
403 2443 702 2545 propinquioribus
727 2458 931 2542 sponsetur,
957 2458 991 2516 et
1015 2441 1147 2542 legibus
1172 2443 1234 2521 dc·

116 2554 225 2648 tetur,
253 2574 287 2633 et
312 2586 374 2634 suo
398 2575 548 2659 tempore
576 2558 826 2633 sacerdotaliter
855 2561 925 2654 (nt
949 2584 1022 2633 mos
1050 2562 1125 2655 est)
1155 2542 1235 2634 curu

116 2674 276 2774 precibus
293 2673 568 2749 et'oblationibus
581 2701 602 2746 ι
615 2672 1033 2762 sacerdote'benedicatur,
1053 2689 1087 2748 et
1099 2701 1233 2774 apara-

118 2789 278 2890 nympbis
299 2793 357 2886 (ut
368 2790 573 2864 consuetudo
587 2791 703 2884 docet)
726 2788 892 2863 custodita
909 2789 974 2876 sit,
993 2804 1026 2861 et
1042 2789 1232 2864 consociato

121 2930 141 2976 a
164 2904 324 3005 proximis
357 2920 506 3032 tempore
538 2929 684 3001 congruo
709 2903 831 3003 petita,
859 2902 990 3000 legibus
1016 2902 1171 2991 dotetur,
1199 2891 1232 2976 et

117 3015 310 3093 solemniter
333 3018 537 3117 accipiatur,
556 3017 705 3091 etbiduo
730 3016 784 3090 vel
809 3016 919 3089 triduo
944 3015 1152 3089 orationibus
1171 3042 1232 3089 va·

117 3126 193 3208 cent
213 3150 248 3207 et
271 3133 459 3245 castitatem
481 3133 709 3206 custodiant.»
718 3131 909 3205 Absurdum
934 3155 1012 3204 vero
1037 3145 1128 3204 esset
1151 3156 1231 3204 con-

118 3247 254 3322 tendere
270 3248 356 3323 baec
373 3248 499 3336 omnia,
517 3274 605 3348 quae
626 3235 792 3320 recensita
808 3261 898 3334 sunt,
915 3261 1065 3376 spectare
1085 3246 1128 3320 ad
1151 3230 1232 3321 sub-

118 3363 275 3438 stantiam
303 3364 476 3462 coniugii3
505 3390 581 3437 cum
611 3379 722 3436 tamen
747 3362 863 3435 eadem
894 3360 1022 3435 ratione
1055 3362 1169 3463 omnia
1199 3377 1232 3435 et

117 3460 253 3576 singula
277 3479 491 3579 requirantur
510 3476 553 3551 ab
571 3477 637 3550 hac
656 3475 772 3576 spuria
796 3473 972 3563 decretali,
992 3503 1032 3551 ac
1048 3477 1230 3578 requiritur

117 3592 305 3669 benedictio
330 3593 566 3681 sacerdotalis,
583 3619 726 3692 pronum
739 3607 791 3666 est
803 3591 926 3664 inferre
941 3617 982 3663 en
999 3607 1109 3665 menta
1131 3591 1230 3665 istius

117 3702 411 3784 lalsaedecretalis
433 3734 494 3782 nec
515 3734 588 3781 eam
601 3708 644 3780 ad
658 3705 877 3799 substantiam
897 3706 1096 3804 sacramenti
1107 3705 1230 3778 matri-

118 3823 220 3929 monii
247 3825 425 3967 pertinere.
451 3824 608 3924 Spectare
632 3808 802 3935 praeterea
825 3792 1092 3935 benedictionem
1118 3847 1229 3894 sacer-

187 4084 225 4149 (t)
240 4085 369 4136 attextus
384 4084 676 4136 referunturaGrattano
690 4082 1228 4148 camauxxr.qu.11.cnp.r.1ottortm‚

117 4177 145 4214 ac
160 4165 300 4217 referuntur
316 4163 407 4228 pariter
418 4166 449 4216 ab
462 4169 539 4216 lvone
551 4165 588 4215 uti
603 4164 691 4216 inclusi
707 4163 733 4216 in
745 4166 945 4216 commatum
956 4160 1014 4215 dato
1026 4176 1043 4212 a
1053 4161 1227 4214 Nicolao'ltba·

117 4243 209 4296 dccldo
220 4244 358 4309 portuensi,
377 4258 408 4296 uc
425 4245 510 4296 locuni
530 4244 683 4308 pbssnlensi,
700 4243 886 4309 quiunquam
905 4242 979 4308 legati
999 4242 1031 4294 ad
1048 4241 1112 4294 banc
1129 4255 1227 4293 causam

117 4323 313 4387 mucan
324 4319 392 4377 missi
403 4323 508 4375 fuerant.
520 4323 608 4388 (conc.
616 4323 692 4374 Labb.
705 4325 767 4377 tom.
776 4325 829 4374 xv.
841 4320 889 4373 ccl.
900 4322 974 4386 aaa.)
1102 4385 1105 4392 ι
