2872 5062
207 374 275 424 mr.
291 375 325 421 r.
341 373 381 423 us
398 371 515 424 umisa.
531 369 685 424 courmu.
706 370 776 421 mr.
791 371 828 425 ιι.
844 372 916 423 auo.
933 372 1108 424 resurrrexi.
1163 350 1229 428 ttt

133 490 286 567 absolute
302 489 352 563 uti
373 488 453 562 talia
470 514 535 562 non
552 487 779 574 habebantur3
800 488 951 588 adeoque
968 505 1137 588 tamquam
1154 516 1233 565 uera

132 606 288 702 coniugia
312 605 347 677 in
370 603 538 678 communi
560 603 821 691 existimatione,
845 604 912 677 imo
931 620 964 677 et
983 605 1017 677 in
1037 604 1163 677 iudicio
1179 632 1235 679 ce-

131 720 256 794 clesiae
267 720 524 819 recipiebantur.
541 720 613 792 Non
626 734 779 817 poterant
795 736 904 791 autem
912 721 1099 817 periclitari
1114 721 1180 794 nisi
1199 721 1234 795 in

130 835 220 933 vulgi
247 835 336 909 fama
360 852 393 909 et
413 834 625 933 suspicione,
646 822 692 909 eo*
703 834 793 932 quod
811 833 854 906 ab
872 833 947 933 ipso
967 835 1158 933 nuptiarum
1179 863 1234 910 ee·

130 950 270 1025 lebratio
293 951 518 1048 ignoraretur3
539 976 617 1023 nam
633 948 777 1023 ecclesia
794 976 860 1022 non
878 965 1007 1048 poterat
1023 950 1066 1022 de
1082 951 1234 1025 doctrina

131 1091 194 1137 sua
216 1065 387 1152 dubitare,
403 1091 465 1139 seu
476 1064 692 1137 dubitabatur
711 1064 750 1136 de
767 1065 865 1162 sacto,
887 1091 953 1138 non
971 1063 1009 1136 de
1026 1066 1096 1136 iore
1113 1091 1133 1136 a
1151 1065 1236 1139 fids-

130 1179 219 1255 libus
237 1181 446 1267 nouaclum,
464 1180 523 1255 sed
536 1179 577 1252 ab
591 1179 666 1277 ipsa
676 1177 831 1252 ecclesia.
848 1178 921 1251 Huc
936 1179 1099 1252 accedunt
1115 1203 1235 1254 omnes

130 1308 241 1392 patres
265 1293 336 1381 illi,
364 1294 444 1394 qui,
464 1309 501 1366 ut
517 1293 718 1379 videbimus,
747 1291 936 1365 habuerunt
960 1310 1130 1394 tamquam
1155 1320 1234 1369 vere

129 1407 303 1505 coniugia,
332 1408 483 1508 adeoque
508 1423 715 1482 sacramenta
732 1433 784 1494 ea,
805 1434 893 1506 quae
913 1408 987 1481 sine
1004 1407 1235 1483 benedictioni

130 1522 403 1610 celebrabantur,
432 1550 552 1624 nempe
576 1522 743 1597 secundae
766 1522 884 1596 saltem
910 1523 1059 1621 nuptiae.

201 1638 330 1712 Exinde
350 1637 474 1710 sactum
495 1654 564 1725 est,
587 1654 624 1711 ut
642 1638 796 1737 quamvis
817 1637 959 1712 ecclesia
979 1637 1173 1711 iustissimis
1190 1638 1234 1711 de

127 1753 241 1828 causis
266 1779 352 1852 quas
380 1769 530 1827 recenset
554 1753 751 1826 Benedictus
774 1753 856 1825 xlv.
886 1779 961 1826 cum
987 1752 1062 1826 aliis
1089 1753 1234 1826 auotori-

127 1866 191 1941 bus
206 1870 273 1962 (6),
287 1866 452 1940 eiusmodi
465 1866 621 1963 coniugia
633 1867 752 1966 quovis
765 1883 913 1965 tempore
929 1865 1092 1941 detestata
1110 1865 1228 1953 fuerit,

128 1983 195 2057 imo
205 1997 241 2056 et
251 1981 459 2056 interdixerit
473 1984 538 2078 (7);
554 1983 584 2056 si
598 1997 708 2056 emen
725 1981 899 2079 contigerit
908 2009 949 2056 ea
962 1983 1013 2056 sic
1025 1981 1233 2057 clandestina

130 2097 260 2173 ratione
287 2096 394 2172 luisse
422 2097 609 2184 celebrata,
634 2096 736 2171 veluti
759 2096 878 2176 illicita
902 2097 1038 2196 quidem
1064 2097 1230 2184 hebuerit,

130 2237 198 2286 non
213 2226 326 2287 autem
347 2227 386 2286 ut
407 2211 566 2286 invalida.
589 2212 770 2311 loquimur
787 2227 898 2285 autem
923 2211 966 2284 de
991 2211 1133 2285 ecclesia
1155 2211 1233 2284 uni·

126 2327 269 2415 aemuli,
302 2327 469 2428 quidquid
497 2327 533 2398 in
558 2324 728 2400 nonnullis
760 2323 970 2400 dioecesibus
994 2325 1038 2398 ab
1062 2325 1233 2424 episcopis

128 2442 163 2514 in
192 2441 455 2541 provincialibus
484 2441 634 2516 conciliis
662 2456 797 2514 cautum
822 2441 902 2514 olim
926 2440 1093 2514 interdum
1118 2441 1228 2514 suerit.

128 2558 166 2628 ln
186 2555 331 2633 ecclesia
356 2573 467 2631 antem
488 2556 670 2655 generatim
689 2555 737 2629 uti
756 2556 870 2630 valida
886 2554 1002 2629 habita
1023 2556 1130 2629 luisse
1153 2581 1234 2629 con·

101 2721 104 2726 -
128 2672 221 2768 iugia
237 2671 448 2746 clandestina
469 2698 535 2746 non
555 2671 655 2746 modo
676 2671 712 2744 in
731 2673 858 2746 ratione
882 2687 1090 2759 contractus,
1117 2697 1232 2745 verum

128 2788 230 2860 etiam
251 2787 288 2860 in
314 2789 444 2862 ratione·
464 2789 680 2876 sacramenti,
701 2815 798 2863 secus
815 2815 856 2862 ao
871 2789 1031 2862 aduersae
1047 2787 1232 2860 sententiae

129 2902 260 3001 patroni
272 2905 449 2992 senserint,
467 2903 748 3003 locupletissimos
761 2921 862 2979 testes
880 2905 1057 2978 habemus.

199 3017 287 3090 Sane
305 3018 402 3116 liugn
417 3045 439 3091 a
456 3034 572 3092 sancto
593 3020 721 3094 Victore
737 3021 772 3092 in
788 3046 846 3119 op.
862 3021 910 3091 lle
922 3035 1120 3093 sacrameto
1133 3019 1227 3118 fideii
1280 3078 1283 3084 .

127 3133 211 3206 haec
230 3132 275 3207 ad
294 3159 367 3206 rem
391 3149 537 3208 nostram
564 3135 698 3208 scribit:
718 3134 782 3206 «Si
807 3135 884 3234 quis
909 3149 1066 3233 quaerat,
1096 3133 1232 3232 quande

126 3249 319 3346 coniugium
336 3275 412 3324 esse
428 3250 586 3349 incipiat:
613 3251 779 3338 dicimus,
807 3250 896 3349 quod
914 3277 953 3322 ex
971 3275 1039 3348 quo
1056 3250 1132 3322 talis
1150 3275 1231 3324 con-

126 3389 247 3437 sensus
261 3390 274 3451 ,1
298 3364 432 3463 qualem
456 3390 561 3463 supra
583 3365 798 3438 delinivimus
819 3368 874 3461 (c.
888 3365 940 3436 lll.
951 3369 979 3460 ),
996 3365 1082 3438 inter
1097 3390 1231 3438 mascn-

125 3477 195 3550 lum
218 3495 255 3552 et
278 3480 456 3553 foeminam
480 3480 587 3554 sactus
616 3482 738 3554 luerit:
767 3505 808 3553 ex
833 3507 872 3553 eo
898 3480 1009 3553 statim
1038 3481 1229 3577 coniugium

124 3609 195 3682 est,
218 3620 320 3692 quem
341 3597 403 3668 etsi
424 3610 541 3694 postea
557 3594 677 3694 copula
697 3596 808 3669 carnis
827 3595 998 3695 sequitur,
1019 3595 1103 3667 nihil
1121 3611 1230 3668 tamen

123 3704 281 3804 coniugio
303 3709 448 3807 amplius
474 3710 527 3782 ed·
542 3712 694 3782 virtutem
715 3712 913 3782 armamenti
936 3706 1113 3783 confertur.
1135 3708 1231 3780 Unde

122 3837 274 3942 mactat,
295 3824 432 3922 quodsi
450 3825 503 3897 uir
524 3823 577 3897 vel
597 3823 717 3896 mulier
740 3839 817 3923 post
842 3824 941 3896 talem
965 3848 1168 3897 consensum
1185 3822 1229 3894 ad

195 3998 231 4062 (o)
246 3999 444 4062 Dcaynodolib.
454 4004 520 4052 Vlfl
531 4014 585 4066 cup
595 4005 650 4053 ΧΠ.
659 4016 684 4053 ιι
694 4007 717 4054 l
729 4010 752 4054 5.
761 4003 799 4054 Ol.
808 4003 882 4057 ctiam
891 4001 958 4056 card
968 3999 1132 4053 Pellavicini
1125 4013 1150 4049 ιιι
1162 3962 1229 4059 llisl„

122 4088 193 4127 coac
204 4074 265 4128 titt.
277 4074 321 4128 llb.
331 4079 406 4129 xxii.
419 4092 474 4143 cap
483 4082 514 4130 V.
525 4080 629 4131 stetini.-

194 4155 310 4218 (7)1ater
320 4157 436 4207 ceteram
446 4160 629 4210 lurecanomeo
638 4163 724 4210 Causa
733 4164 871 4211 xxxma
884 4159 971 4222 tegitur
981 4112 1230 4210 subflormisdaenc·

121 4235 187 4284 mine
197 4235 245 4286 hoc
257 4234 394 4287 decretum:
408 4238 518 4288 «Nullus
530 4238 610 4289 fidelis
625 4240 801 4303 cuiuscumque
812 4238 961 4291 conditionis
970 4239 1016 4299 sit,
1027 4236 1123 4288 occulte
1132 4235 1232 4300 nuptias

120 4311 208 4364 ιιιιιι.
226 4312 270 4364 sed
285 4313 455 4366 benedictione
468 4318 592 4381 acceptat
601 4318 740 4383 mcerdote,
752 4318 848 4384 publice
859 4317 969 4369 nubatis
978 4315 1107 4368 Domino.»
