2872 5062
362 355 430 404 err.
449 356 471 403 r.
490 357 528 404 os
551 356 682 406 rurum.
702 355 813 404 ervrms
830 355 962 404 ulrum.
1142 334 1207 402 241

541 526 745 600 ensiculus
764 545 796 597 v.

184 747 400 807 Matrimonium
423 745 508 803 civile
527 749 630 802 natura
645 759 698 802 sna
716 741 807 802 tendit
824 743 860 800 ad
882 745 994 801 rutuam
1016 741 1140 800 familiae

557 847 586 899 et
604 842 758 899 socletatls.

183 1053 287 1127 Grave
312 1054 448 1152 quidem
473 1054 635 1153 estquod
662 1055 904 1140 enunciamus,
933 1067 967 1124 at
992 1051 1027 1123 id
1053 1075 1119 1124 non
1144 1077 1216 1148 gru-

110 1170 193 1242 tuito
218 1169 378 1243 affirmari
400 1170 512 1269 palam
539 1170 607 1243 fiet.
628 1171 731 1242 Nemo
750 1169 840 1242 enim
864 1167 998 1265 negabit
1014 1166 1049 1238 id
1070 1167 1104 1237 in
1120 1167 1217 1239 lami·

108 1283 175 1357 liae
200 1310 240 1357 ac
260 1285 430 1359 societatis
454 1285 708 1359 dissolutionem
730 1283 863 1356 tandem
882 1309 1032 1380 vergere,
1054 1281 1143 1381 quod
1162 1308 1218 1382 po

109 1398 240 1472 tissime
259 1399 349 1472 laxat
371 1401 506 1474 viuculo
531 1415 602 1472 tum
626 1398 789 1485 familiae,
812 1413 880 1471 tum
900 1397 1090 1482 societatiS,
1115 1397 1218 1495 quod-

111 1539 178 1613 que
189 1539 230 1587 ea
243 1514 349 1601 fovet,
366 1541 454 1614 quae
471 1514 643 1616 paullatim
661 1512 1116 1611 domesticamsocialemque
1132 1537 1218 1584 com·

108 1653 229 1726 pagam
255 1628 466 1703 labefactant.
489 1630 530 1702 At
547 1656 626 1704 vero
647 1629 682 1701 id
700 1628 742 1702 de
758 1628 969 1701 matrimonio
993 1627 1083 1701 civili
1110 1642 1218 1699 osteu-

108 1742 249 1828 demus,
274 1743 436 1844 inspectis
460 1744 616 1844 pessimis
638 1745 711 1817 eius
733 1742 925 1829 effectibus,
946 1757 1015 1814 tum
1033 1741 1217 1814 universim

109 1858 143 1930 iu
170 1857 383 1955 religionem,
412 1859 446 1930 in
471 1859 688 1933 domesticam
721 1858 957 1958 publicamque
989 1856 1216 1930 auctoritatem

108 1987 141 2045 et
164 1973 200 2043 in
225 1999 353 2059 mores,
378 1988 447 2045 tum
468 1975 665 2048 nominatim
689 1976 723 2046 in
750 1973 904 2069 coniugia
934 1973 1026 2071 ipsa,
1058 1988 1160 2071 atque
1182 1971 1217 2042 in

108 2087 236 2185 pmlem
261 2115 302 2161 ex
326 2089 370 2162 iis
395 2107 613 2188 procreatam.

181 2202 228 2276 Ac
255 2203 525 2303 primoquidem
550 2206 608 2304 qui
636 2207 818 2279 seriorem
844 2203 1044 2304 perpendat,
1073 2202 1221 2274 inficiari

107 2342 172 2389 nou
199 2319 322 2415 poterit
345 2317 490 2391 validius
515 2319 705 2405 naculum,
729 2344 794 2418 quo
820 2333 949 2392 tenetur
978 2317 1120 2391 societas
1146 2315 1225 2388 sive

106 2430 306 2517 domestica,
325 2433 514 2506 cuiusmodi
533 2448 584 2506 est
600 2434 745 2520 familia,
768 2435 840 2507 sive
856 2433 1003 2532 publica,
1028 2429 1220 2503 cuiusmodi

106 2562 158 2619 est
175 2546 329 2650 politica,
342 2574 418 2621 esse
438 2549 642 2646 religionem.
660 2551 701 2622 Et
720 2575 796 2622 cum
812 2550 856 2622 de
873 2574 908 2622 re
925 2563 1043 2645 agatur
1055 2545 1089 2616 in
1106 2545 1216 2645 praxi,

108 2687 176 2734 non
203 2665 322 2735 autem
342 2663 520 2737 theoretice
548 2682 581 2739 et
605 2666 640 2736 in
667 2665 858 2750 abstracto,
888 2661 1061 2760 religionis
1084 2656 1218 2733 nomine

110 2775 237 2849 nullam
261 2778 362 2852 aliam
386 2795 518 2879 praeter
543 2781 642 2853 unice
673 2778 792 2853 veram'
819 2777 1069 2878 significamus,
1103 2776 1218 2849 cuius·

112 2891 205 2965 modi
222 2907 272 2967 est
287 2894 431 2968 ecclesia
448 2894 623 2970 catholica.
638 2894 765 2968 (laeteri
783 2921 899 2968 omnes
912 2909 1038 2977 caetus,
1053 2891 1112 2990 qui
1124 2891 1218 2962 vario

107 3006 244 3081 nomine
262 3008 475 3109 appellantur
491 3009 534 3083 ab
550 3006 694 3082 ecclesia
714 3009 879 3083 catholica
899 3007 1018 3092 divisi,
1047 3030 1114 3078 non
1139 3018 1218 3076 sunt

107 3120 173 3193 uisi
198 3121 371 3220 religionis
393 3123 527 3210 larvae,
559 3123 739 3196 simulacra
763 3147 804 3195 ac
828 3119 1083 3194 adinventiones
1107 3116 1217 3202 homi-

105 3261 211 3320 uum,
245 3236 303 3334 qui
333 3263 371 3310 se
395 3237 557 3310 adversus
584 3236 760 3310 ecclesiam
786 3234 910 3307 Christi
938 3231 1150 3316 extulerunt,
1178 3227 1217 3301 ac

107 3349 295 3448 perduelles
321 3351 464 3424 luerunt.
489 3353 606 3451 ltaque
624 3367 749 3424 certum
770 3364 821 3422 est
839 3347 988 3420 divinam
1007 3345 1214 3442 religionem,

107 3464 270 3561 quamdiu
287 3466 389 3562 viget,
411 3481 560 3566 potenter
584 3492 682 3562 agere
698 3465 733 3535 in
753 3463 927 3536 hominum
946 3475 1090 3535 mentem
1107 3485 1147 3532 ac
1163 3483 1218 3532 vo

105 3577 281 3652 luntatem.
312 3580 403 3653 Talis
436 3597 489 3654 est
511 3581 584 3654 eius
609 3580 732 3665 virtue,
761 3594 890 3651 utnon
916 3576 1024 3651 solum
1050 3600 1126 3647 cum
1151 3572 1217 3644 alia

107 3693 252 3766 conferri
275 3695 414 3769 minime
439 3695 567 3794 possit,
596 3694 655 3767 sed
681 3692 770 3792 quod
796 3692 870 3764 eius
896 3690 1052 3790 supplere
1072 3684 1217 3760 delectui

108 3822 210 3907 queat
231 3808 319 3880 nihil
344 3811 541 3907 reperiatur.
564 3810 642 3908 Ipsa
667 3808 740 3882 sola
768 3807 941 3882 hominum
966 3805 1096 3878 animos
1122 3799 1217 3872 cohi-

107 3920 178 4008 bet,
207 3923 288 4020 ipsa
309 3923 380 3997 sola
405 3924 523 4022 intima
548 3924 621 3997 eius
644 3922 826 4023 penetralia
850 3920 1022 4021 pervadit,
1042 3943 1082 3990 ac
1099 3916 1216 3999 sinus,

108 4037 325 4137 imtimosque
342 4039 447 4112 ambit
467 4066 620 4114 recessus
642 4065 776 4125 omnes;
801 4064 894 4111 amor
910 4063 950 4110 ac
966 4036 1064 4108 timor
1080 4033 1216 4104 immen-

107 4177 182 4224 sum
209 4170 363 4227 exercent
388 4154 564 4253 imperium
585 4154 620 4224 in
647 4153 820 4226 hominum
844 4152 994 4234 decreta,
1019 4145 1159 4221 consilia
1184 4157 1217 4216 et

109 4267 267 4343 actiones.
293 4268 409 4344 Cetera
433 4285 525 4342 extra
550 4267 742 4365 religionem
769 4267 946 4342 constituta
967 4289 1033 4338 non
1059 4260 1217 4334 cohibent

1137 4393 1169 4439 re
