2872 5062
167 380 235 428 our.
252 380 283 428 v.
299 378 338 427 nn
356 377 474 428 umrsr.
495 374 652 427 conrmu.
669 377 739 425 tur.
755 376 791 426 u.
808 376 879 426 tue.
896 374 1071 429 rnunrrrou.
1126 357 1193 427 tta

94 497 248 595 quamvis
273 496 317 589 sit
339 496 381 567 de
405 495 551 569 essentia
569 495 795 581 sacramenti,
824 511 967 595 nonest
991 512 1100 566 tamen
1127 497 1197 568 sus-

95 611 212 684 liciens
224 611 266 682 ad
280 610 504 682 inducendum
521 609 706 708 proximum
726 608 878 683 effectum
901 611 1116 696 sacramenti,
1135 611 1197 683 sci·

94 725 171 798 licet
189 725 431 798 absolutionem
444 752 465 797 a
477 724 641 823 peccatis:
661 739 693 796 et
709 723 784 796 ideo
810 741 938 823 oportet
956 725 1045 824 quod
1063 725 1104 796 ad
1124 751 1197 822 per·

95 840 268 913 sectionem
295 842 493 913 sacramenti
519 838 716 911 interveniat
741 856 835 911 actus
858 841 1052 912 sacerdotis.
1076 839 1140 912 Sed
1162 840 1196 911 in

96 954 303 1028 matrimonio
320 970 415 1027 actus
432 954 537 1026 nostri
559 949 637 1026 sunt
659 979 761 1025 eausa
782 952 953 1026 sufficiens
972 954 1015 1025 ad
1035 951 1197 1026 inducen-

97 1067 176 1140 dum
202 1069 389 1165 proximum
415 1068 589 1154 ellectum,
608 1067 665 1166 qui
683 1082 734 1140 est
752 1066 927 1163 obligatio:
949 1069 1030 1166 quia
1050 1068 1201 1166 quicum·

97 1198 237 1282 quaest
262 1184 315 1255 sui
340 1183 445 1270 iuris,
473 1184 582 1280 potest
606 1208 643 1255 sc
666 1181 762 1255 alteri
787 1181 956 1278 obligare:
986 1198 1019 1254 et
1043 1182 1118 1254 ideo
1132 1208 1197 1254 sa-

97 1298 240 1371 cerdotis
264 1297 451 1370 benedictio
476 1322 542 1370 non
570 1297 748 1395 requiritur
767 1296 801 1367 in
821 1296 1030 1369 matrimonio
1046 1299 1143 1394 quasi
1160 1297 1199 1368 dc

99 1413 235 1485 caecutio
258 1413 463 1484 sacramenti.
481 1414 568 1507 (10).
577 1442 593 1480 ιι

166 1526 275 1625 Atque
298 1526 383 1599 hacc
406 1525 541 1624 quidem
567 1524 738 1630 angelicus
762 1525 883 1599 Doctor
907 1524 1008 1598 habet
1032 1525 1187 1599 dumi
1135 1523 1200 1595 dil-

98 1640 261 1713 ficultates
289 1639 471 1714 dissolvit:
500 1666 565 1714 non
591 1641 702 1714 miuus
729 1639 899 1739 praeclara
924 1656 1034 1712 tamen
1052 1654 1129 1712 suut
1145 1665 1196 1725 ea,

97 1757 235 1855 quaein
253 1783 314 1830 suo
320 1769 506 1830 contracte
523 1757 624 1830 huius
641 1757 773 1831 articuli
799 1773 968 1856 tamquam
988 1757 1099 1829 thesin
1122 1781 1201 1829 cou-

98 1872 269 1960 stituerat,
289 1872 467 1977 inquiens:
500 1873 646 1946 «Posita
670 1898 773 1946 causa
798 1872 931 1971 ponitur
955 1871 1113 1958 ellectus;
1141 1871 1200 1944 sed

101 2013 203 2060 causa
225 1987 375 2060 efficiens
392 1987 593 2059 matrimonii
607 2002 657 2060 est
669 2012 853 2060 consensus
866 2013 926 2084 per
936 1986 1038 2059 verba
1051 1987 1093 2059 dc
1106 2011 1202 2085 prae-

82 2101 182 2173 tenti
200 2114 392 2200 expressus.
414 2101 548 2197 llrgo
521 2127 592 2177 stre
611 2101 694 2174 liet
686 2129 720 2171 ιιι
738 2099 872 2202 publico
883 2100 987 2202 ‚sive
1004 2101 1039 2171 in
1056 2099 1198 2186 occulto,

100 2215 534 2313 matrimoniumsssequitur.
564 2217 756 2287 Praeterea:
784 2215 989 2313 ubicumque
1014 2229 1064 2286 est
1089 2214 1202 2286 debita

99 2327 203 2402 lorma
220 2328 557 2416 etd'ebita'materia,
583 2328 629 2399 ibi
655 2343 706 2400 est
730 2342 996 2405 sacramentum:
1017 2327 1136 2401 sedin
1147 2353 1202 2400 oc-

100 2443 185 2517 culto
209 2443 420 2525 matrimonio
447 2457 598 2516 servatur
618 2440 732 2515 debita
750 2443 908 2529 materia,
928 2469 1015 2542 quae
1031 2458 1109 2516 sunt
1121 2455 1202 2541 'per-

100 2578 199 2632 sonae
212 2558 392 2655 legitimae
416 2559 459 2633 ad
484 2558 767 2647 contrahendum,
792 2572 824 2630 et
840 2557 952 2630 debita
970 2558 1075 2630 forma
1086 2584 1199 2662 ,quae

100 2689 177 2748 sunt
199 2674 301 2750 verba
327 2675 370 2748 de
394 2675 561 2774 praesenti
583 2701 784 2750 consensum
806 2674 1036 2806 exprimentia.
1052 2675 1141 2808 Ergo
1157 2689 1203 2748 cst

101 2789 148 2862 tbi
170 2817 281 2863 aarum
304 2807 575 2864 sacromentum.»
626 2862 629 2866 ,

172 2905 285 3002 Neque
306 2905 349 2978 ab
367 2906 431 2979 hac
448 2907 598 2980 doctrina
620 2908 744 2981 recedit
761 2907 904 2980 Thomas
927 2907 1114 2980 waldensis
1131 2928 1204 2978 car-

100 3015 213 3090 melita
225 3018 365 3093 'celebris
377 3020 520 3094 Wiclelli
534 3033 753 3121 oppugnator.
765 3022 849 3094 (lum
862 3022 950 3095 enim
964 3021 1020 3093 hic
1034 3037 1203 3118 tamquam

101 3158 260 3229 nugacem
290 3135 456 3207 irrideret
471 3136 855 3234 benedictionemque
880 3136 1036 3211 sacerdos
1067 3134 1203 3231 nuptias

99 3233 312 3336 cohonestat}
330 3249 517 3328 'waldensis
539 3250 716 3348 multiplici
733 3277 773 3323 cx
791 3251 901 3349 capite
918 3249 991 3322 eius
1008 3249 1215 3336 utilitatem.

101 3361 200 3437 immo
214 3377 248 3435 et
259 3365 494 3438 necessitatem
505 3379 709 3463 propugnat.
730 3366 844 3464 Neque
862 3365 1112 3441 idciroo'tau'teu
1130 3376 1203 3436 eam

49 3506 50 3512 ¹
101 3493 270 3577 tamquam
299 3481 510 3555 essentialem
536 3481 579 3552 ad
604 3496 860 3555 sacramentum·
882 3480 1121 3584 perficiendum
1130 3479 1205 3582 sad-

100 3593 217 3680 atmiit3
245 3594 293 3666 ita
316 3611 352 3668 ut
366 3594 470 3667 ⁴nulla
495 3596 633 3668 censeri
647 3595 825 3668 debuerint·
839 3595 897 3668 illa
913 3596 1088 3692 coniugia,
1117 3621 1205 3694 quae

99 3706 307 3790 clandestino
324 3736 426 3786 *more
457 3711 540 3782 inita
564 3712 699 3783 luerint.
729 3710 817 3796 Quin
843 3712 954 3808 potius
979 3725 1148 3808 receptam.
1169 3710 1204 3780 iu

99 3822 242 3894 eeclesia
259 3823 441 3898 doctrinam
458 3825 503 3898 de
515 3825 647 3899 illorum
664 3825 776 3899 valore
794 3843 907 3925 aperte
923 3826 1105 3924 profitetur.
1122 3824 1205 3896 Cum

169 3998 222 4062 (to)
237 4001 269 4049 ut
278 4000 318 4050 hic
328 3991 406 4052 obiter
416 4001 545 4053 adnotetur
556 4002 690 4066 veternus,
702 4004 850 4054 nominatim
858 4005 938 4071 auum
953 4017 973 4054 s.
984 3995 1103 4064 Thomna,
1114 4001 1206 4051 incom-

99 4080 192 4140 pertam
202 4080 417 4143 penituevfuiesein
427 4082 728 4134 matrimoniochrletiauo
748 4083 1006 4138 dtessuctiouemlnter
1021 4082 1207 4132 contractumet

98 4161 294 4222 sacramentum,
307 4161 412 4224 qualite
424 4163 598 4213 recentioribus
615 4164 752 4225 excogitata
764 4165 808 4213 est.
817 4164 869 4213 Illis
879 4164 943 4213 enim
956 4162 1055 4225 pet-inde
1064 4164 1116 4210 crat
1126 4160 1207 4210 dicere

99 4239 285 4288 matrimonium
295 4253 325 4291 ac
337 4240 418 4294 dicere
429 4245 617 4294 sacraruentum.
624 4244 711 4294 Nescio
719 4245 840 4294 undenos
847 4244 913 4294 hunc
920 4257 941 4292 s.
949 4243 994 4292 Th.
1000 4238 1130 4292 ardutium
1139 4241 1206 4303 iguo·

98 4317 199 4379 renent,
209 4317 269 4367 dum
279 4331 378 4381 proauo
388 4332 452 4370 nora
462 4320 575 4372 doctriua
584 4322 720 4382 angelicum
731 4322 861 4372 Ductorem
873 4319 986 4370 adduxit.¹
