2872 5062
299 375 417 427 cnm:
433 375 504 425 ΑΜ.
522 375 565 425 tv.
583 374 709 426 tatus,
721 374 893 435 damascus
911 371 1001 427 SENT.
1025 377 1125 430 EPIGR·
1206 355 1281 430 173

158 499 264 581 rimu,
284 496 532 588 sacerdotemve
548 496 736 569 ministrnm
753 496 952 570 sacramenti
970 497 1286 574 matrimoniidiir'ea¹

159 612 222 699 rit,
244 609 304 684 sed
323 612 466 684 contenti
484 612 669 686 universim
689 613 823 684 suerunt
840 611 978 700 docere,
999 638 1060 712 per
1075 639 1277 687 eonsensum

159 725 275 799 verbis
302 724 347 797 de
376 727 550 826 praesenti
569 727 819 801 matrimonium
845 727 978 801 confici,
1009 729 1096 827 Ergo
1126 727 1277 821 deiectus

160 839 542 916 horumvoeahulorum
560 843 644 916 ratio
662 869 821 916 essenon
838 843 957 943 potuit,
979 842 1024 918 ob
1039 869 1142 944 quam
1161 859 1274 943 patres

158 957 320 1031 materiae
336 973 370 1031 et
385 958 599 1032 formaenon
616 958 831 1032 meminerint
848 959 884 1030 in
901 985 961 1047 re,
976 986 1044 1059 qua
1064 960 1108 1033 de
1128 960 1273 1058 agimus.

158 1069 284 1144 Eo'uel
309 1074 453 1170 magis,⁴
468 1073 560 1171 quod
585 1073 753 1172 potuerint
777 1073 1044 1148 benedictionem
1069 1075 1278 1150 uerbumvo·

161 1187 238 1258 caro
254 1242 263 1272 ,
280 1246 284 1252 .
300 1202 511 1279 eonsensum¹
535 1189 723 1260 clementum
757 1188 1031 1288 sacerdotemque
1058 1191 1275 1274 minutum,

160 1299 257 1398 quod
276 1301 402 1400 pariter
423 1327 608 1401 numquam
629 1301 789 1374 fecerunt.
812 1301 891 1375 ldeo
913 1328 993 1375 vero
1017 1328 1084 1376 non
1108 1302 1285 1389 iecerunt,

159 1414 241 1513 quia
269 1431 485 1515 compertum
501 1417 652 1517 patribus
675 1433 763 1505 arat,
776 1405 1111 1517 ¹prout‘compertum
1136 1417 1284 1492 fuitus·-

159 1528 220 1602 luti
238 1556 299 1630 per
314 1531 527 1606 traditionem
553 1533 734 1633 quamdam
760 1533 989 1620 scholasticis,
1018 1532 1189 1609 Christum
1207 1559 1282 1607 mu·

159 1645 352 1720 trimonium
370 1647 608 1748 ipsum,'qnod
625 1664 724 1722 antea
741 1648 934 1736 obtinebat,
948 1648 1100 1722 evenisse
1117 1673 1177 1747 pro
1194 1647 1285 1721 fide·

154 1757 249 1840 ⁴libus
276 1762 348 1836 suis
368 1764 412 1837 ad
433 1766 632 1837 sacramenti
658 1764 863 1862 dignitatem¹
880 1762 1071 1837 adiiciendo
1095 1763 1277 1859 contractui

160 1875 327 1973 coniugali
342 1877 484 1975 gratiam
497 1904 604 1967 suam,
622 1905 690 1978 qua
707 1894 803 1952 antea
817 1879 955 1977 nuptiae
968 1877 1147 1952 destitutae
1163 1892 1274 1963 erant;

163 1990 248 2065 ritus
266 1995 390 2080 autern,
408 1992 532 2093 quibus
550 1993 744 2066 solemniter
755 1992 985 2067 celebrabatur
996 1993 1034 2064 in
1046 1991 1189 2090 ecclesia
1203 2017 1281 2066 oon,-

160 2105 311 2203 iugium,
335 2106 486 2181 adiectos
503 2106 726 2180 abecclesia.
742 2107 849 2181 fuisse
869 2106 914 2178 ad
937 2107 1022 2178 fines
1051 2105 1276 2190 obtinendos,

160 2245 245 2318 quos
271 2219 370 2294 toties
394 2222 741 2296 commemoravimus.
1212 2226 1214 2232 ’

196 2388 199 2394 ·
231 2333 387 2420 Quodsi
412 2336 544 2433 exigui,
566 2335 676 2409 ,immo
695 2362 774 2411 vero
800 2335 1186 2435 nulliuslponderisac
1214 2361 1286 2408 w

158 2448 241 2524 loris
264 2465 364 2540 sunt,
381 2509 384 2517 .
399 2477 489 2553 quae
521 2468 634 2525 tuma
658 2451 770 2539 Cano,
798 2455 870 2525 tum
896 2479 915 2525 a
939 2451 1104 2548 theologis
1134 2450 1285 2549 reliquis.

159 2557 360 2641 allatatsunt
384 2586 582 2666 argumenta
607 2569 681 2644 sive
705 2595 745 2642 ex
769 2569 910 2658 Bibliis,
938 2570 1011 2642 siva
1033 2595 1073 2642 ex
1100 2568 1273 2669 patribus,

158 2683 262 2758 multo
282 2685 392 2782 magis
410 2686 491 2760 talia
508 2703 587 2761 sunt
603 2685 788 2773 censenda,
813 2712 901 2787 qnae
913 2713 958 2760 ex
976 2685 1173 2759 rationibus·
1187 2683 1277 2758 theo

159 2797 280 2894 logicis¹
312 2800 497 2898 urgentur..
521 2804 589 2876 Nos
624 2828 664 2876 ea
696 2801 923 2901 expendentes
956 2799 1274 2900 deprehendimus,

160 2930 219 2987 aut
235 2913 382 3003 fallacia,
411 2933 468 2991 aut
492 2918 595 3005 salso,
624 2933 662 2991 ut
686 2918 800 3004 aiunt,
829 2918 1005 3016 supposito
1025 2916 1151 2988 innixa.
1170 2916 1205 2986 Si
1224 2942 1277 2988 re·

159 3027 431 3131 colantur,'quae
448 3033 660 3133 reposuimus
678 3031 843 3105 eiusmodi
862 3030 1067 3127 argumentis
1078 3076 1091 3116 ,2
1101 3029 1198 3102 facile
1211 3028 1277 3102 sibi

159 3144 307 3246 quisque
327 3147 361 3220 id
379 3147 616 3247 persuadebit,
637 3147 729 3246 quod
747 3146 804 3219 hie
822 3146 1046 3232 affirmamus,
1062 3144 1145 3242 quin
1160 3143 1278 3217 eadem

159 3262 310 3359 repetere
331 3260 528 3337 debeamus.

171 3436 173 3441 ,
229 3375 293 3450 Ast
312 3376 452 3450 taliane
470 3379 594 3478 pariter
618 3393 717 3451 erunt
741 3376 931 3462 censenda,
953 3401 1040 3474 quae
1065 3374 1280 3449 adducuntur

157 3517 217 3590 pro
239 3493 385 3593 antiquat
397 3494 550 3568 doctrina
567 3494 610 3566 de
627 3493 904 3568 contrahentibus
924 3492 1073 3589 coniugii
1100 3492 1283 3566 christiani*

156 3608 348 3682 ministr-is?
360 3609 471 3683 Nemo
481 3637 586 3684 sanus
605 3611 753 3709 profacto
771 3609 806 3682 id
824 3609 964 3696 dixerit,
981 3608 1010 3682 si
1028 3622 1152 3681 attento
1165 3608 1279 3680 animo

157 3738 289 3824 reputet
314 3725 413 3799 istam
430 3727 628 3800 sententiam
642 3753 709 3801 non
723 3725 814 3801 omni
829 3725 930 3825 plane
942 3738 1137 3822 argumento
1153 3722 1281 3795 biblico

156 3838 317 3927 destitui,
338 3839 430 3939 quod
455 3841 555 3914 nobis
579 3840 728 3940 suppetit
751 3866 791 3912 ex
814 3838 973 3940 Apostolo
990 3836 1116 3938 Ephes'.
1138 3837 1185 3907 Vs
1204 3837 1276 3909 Etsi

156 3953 247 4026 enim
265 3954 387 4030 demus
403 3956 628 4056 apodicticam
642 3955 726 4029 illud
743 3954 970 4043 testimonium
988 3979 1054 4027 non
1071 3977 1166 4037 essa,
1186 3949 1284 4023 haud.

157 4068 335 4162 itatamen
352 4070 523 4145 infirmum
535 4087 607 4159 est,
625 4086 663 4144 ut
675 4070 793 4170 seponi
803 4069 939 4171 ‚possit;
960 4076 993 4140 et
1010 4092 1091 4141 sane
1107 4091 1207 4139 conc·
1218 4064 1280 4136 tri-

157 4183 335 4261 dentinum
362 4186 447 4261 satis
463 4203 587 4287 ¹aperte
605 4185 654 4259 illi
673 4186 828 4277 innititur
852 4180 1287 4280 testimoniomtndstmatz·

158 4301 300 4395 gratiam
318 4301 490 4375 aChristo
509 4303 653 4376 Domino
674 4301 839 4378 adiectam
856 4301 972 4375 [uisse
997 4297 1154 4392 coniugio
1169 4302 1278 4398 gnatu-
