2872 5062
188 382 256 433 aar.
271 380 497 436 venamur.
515 383 671 435 conraun.
689 382 961 436 narraremus.
978 383 1091 436 raros.
1149 362 1228 438 163·

101 498 163 576 hoc
195 502 388 600 coniugium
418 518 566 576 vestrum
596 519 766 604 tamquam
792 503 953 578 ecelesiae
978 504 1155 593 minister,
1179 532 1220 581 ac

100 642 160 715 pro
185 642 265 691 rere
285 616 396 691 babeo
419 633 522 717 atque
544 617 704 715 legitimo.

171 732 344 820 Ceterum,
372 733 422 806 uti
448 749 603 808 accurate
627 733 864 808 animadvertit
879 733 1004 808 Bened.
1020 734 1103 807 XIV.
1124 737 1214 831 (ll).

103 879 120 918 a
134 847 294 934 Quamvis
316 848 406 922 bauo
424 849 602 923 formulam
619 849 818 923 indicaverit
838 850 1085 946 (concilium),
1100 877 1219 949 quam·

100 990 247 1064 cumque
263 981 376 1038 tamen
392 964 515 1055 aliam,
537 967 631 1040 iuxta
652 965 833 1040 cuiuslibet
858 966 1005 1064 regionis
1031 978 1130 1041 usum
1157 966 1219 1040 ad-

99 1078 217 1153 hibere
243 1080 417 1180 permisit:
453 1082 507 1154 uel
537 1083 617 1155 aliis
646 1097 759 1156 ututur
789 1083 897 1155 uerbis
928 1087 1027 1155 iuutc
1057 1098 1219 1181 receptum

99 1196 353 1293 uniuscuiusque
373 1198 565 1294 prouinciae
590 1198 702 1270 ritum.
733 1198 872 1269 Tantam
898 1222 998 1295 porro
1022 1196 1218 1287 varietatem

99 1308 337 1384 etobsianon
364 1309 573 1399 tollerasset,
601 1310 775 1412 multoque
800 1311 913 1384 miuus
938 1310 1119 1385 cuiuslibet
1143 1336 1218 1411 pro·

98 1424 239 1499 vinciae:
253 1424 393 1500 arbitrio
417 1427 648 1526 permisisset,
674 1427 704 1501 si
730 1426 978 1515 existimasset,
999 1453 1060 1526 per
1074 1426 1217 1501 verbaa

98 1539 421 1640 sacerdote'prolata
445 1542 566 1616 confici
592 1558 839 1617 sacramentum
862 1539 1113 1616 matrimonii.»
1130 1542 1219 1617 Inter

96 1654 208 1729 varias
234 1672 346 1729 autem
381 1656 543 1731 formulas
568 1684 589 1730 a
614 1657 788 1732 sacerdote
813 1658 849 1728 in
866 1656 1056 1754 ,iungendis
1086 1656 1217 1755 nuptiis

97 1767 458 1872 usurpatas‚:etzillam
476 1788 731 1860 commemorat,
752 1798 841 1872 quae
864 1771 990 1847 alicubi
1015 1771 1143 1846 obtinet
1160 1771 1216 1844 his

97 1899 226 1959 tantum
251 1885 576 1987 serbisexpreesam
588 1917 595 1960 :
609 1888 712 1975 Quod
727 1889 817 1960 Deua
835 1889 1023 1972 contumuit,
1045 1888 1135 1960 bomo
1151 1913 1216 1961 ocu

96 2015 242 2099 aeporet;
267 2002 578 2102 quaeeertenihil
604 2028 781 2077 commune
797 2000 924 2075 habent
939 2028 1018 2076 curn
1036 2000 1215 2101 illiszyqu

96 2143 152 2190 uos
176 2118 353 2217 couiuuqo.
369 2116 430 2190 cui
448 2117 585 2218 quidem
610 2117 772 2192 formulae
798 2116 884 2190 alias
908 2116 985 2190 heio
1007 2115 1210 2203 subiiciam,

96 2257 184 2333 quae
208 2231 397 2305 etiamnum
411 2232 590 2330 uigent'lin
606 2231 786 2306 :nonnullis
811 2230 979 2305 ecclesiis.
1002 2230 1040 2301 ln
1066 2230 1214 2305 dioecesi

94 2347 403 2447 Wuergeburgensi
420 2349 505 2424 haec
522 2349 721 2425 adhibetur:
738 2350 815 2421 Ideo
827 2350 1073 2421 matrimonium
1087 2375 1149 2447 per
1160 2374 1219 2422 oos-

96 2479 295 2537 coutructum
322 2465 497 2564 confirmo,
531 2465 658 2565 ruta'ficc
683 2479 714 2536 ct
740 2460 907 2546 benedico,
936 2464 973 2534 iu
997 2463 1215 2536 uomioePu-

96 2581 154 2653 tria
170 2594 232 2652 ete.
254 2580 294 2652 ln
313 2578 461 2654 dioecesi
475 2580 716 2654 Eichstattensi
738 2579 897 2653 sacerdos
914 2578 1000 2653 haec
1016 2579 1218 2678 pronunciat

96 2693 220 2769 uerba:
247 2695 496 2770 Matrimonium
513 2698 599 2769 iuter
614 2723 672 2769 uos
688 2711 889 2769 contractum
912 2696 1002 2768 Deus
1027 2696 1212 2795 coufirmat,

94 2825 127 2882 et
150 2835 208 2908 eqo
231 2814 268 2884 a'u
284 2812 379 2912 ,socie
403 2813 555 2885 aetesiae
580 2811 667 2885 illud
683 2813 870 2885 solemnius.
890 2811 933 2883 Iu
949 2812 1076 2883 nomiae
1093 2825 1154 2884 etc.
1178 2811 1217 2882 ln

94 2924 245 2999 dioecesi
260 2925 660 3023 llonacho-lrinsingensi
678 2926 764 2999 haee
780 2925 923 3000 formula
940 2925 1120 3023 reperitur:
1139 2923 1216 2996 Mu-

95 3043 285 3116 tuumom’tmt
300 3044 337 3116 iu
352 3044 438 3144 suctu
461 3043 612 3116 ecclesiae
637 3044 722 3115 iuter
743 3069 800 3115 vos
817 3055 1019 3114 contractum
1035 3039 1123 3111 Deua
1140 3065 1217 3110 cott-

93 3157 215 3254 firmet,
234 3171 266 3230 et
280 3159 474 3231 auctoritate
499 3158 650 3230 eccleciae
667 3157 750 3242 Dei,
772 3182 828 3254 eqo
854 3154 940 3227 illud
964 3154 1121 3253 approbo,
1139 3177 1219 3251 per-

92 3269 165 3368 ficio
183 3285 282 3370 utque
300 3271 489 3345 colummae.
505 3272 547 3343 Iu
571 3272 700 3344 nomime
724 3286 784 3344 etc.
807 3285 846 3344 ut
865 3268 982 3344 videre
1006 3284 1059 3342 est
1084 3268 1120 3341 in
1135 3267 1217 3342 sin-

93 3385 182 3482 gulis
206 3386 332 3461 harum
358 3386 580 3462 eeclesiarum
614 3386 807 3460 ritualibus.
836 3384 919 3458 Cum
944 3411 1024 3459 aero
1049 3383 1216 3459 eiusmodi

93 3500 258 3576 formulae
281 3502 541 3603 antiquissimae
562 3502 634 3575 sint
653 3517 755 3601 atque
772 3499 815 3573 ab
833 3499 1092 3574 immemorabili
1118 3525 1218 3576 usur-

94 3632 238 3715 pentur,
266 3643 390 3692 novum
414 3617 575 3692 exhibent
597 3631 830 3714 argumentum
856 3641 918 3715 pro
933 3616 1040 3690 veteri
1065 3614 1218 3688 doctrina

93 3732 136 3808 de
159 3733 440 3808 contrahentibus
466 3732 670 3808 sacramenti
697 3731 903 3805 matrimonii
929 3730 1107 3803 ministris.

166 3850 305 3924 Interim
335 3866 409 3924 tum
432 3876 473 3923 ex
498 3850 583 3924 actis
616 3846 773 3936 concilii,
807 3864 879 3922 tum
903 3872 945 3920 ex
969 3842 1217 3920 obiectionibus

96 3963 191 4038 Pauli
221 3965 337 4066 Sarpii
363 3965 478 4065 palam
502 3965 565 4053 fit,
594 3964 726 4037 nullum
751 3962 892 4036 dubium
919 3985 1098 4063 superesse
1127 3960 1217 4032 circa

96 4107 289 4178 germanam
315 4082 451 4158 concilii
477 4082 651 4156 tridentini
675 4082 879 4155 sententiam
896 4095 998 4181 atque
1015 4076 1212 4151 doctrinam.

98 4195 226 4272 Exinde
251 4198 376 4274 lactum
403 4215 455 4274 est
476 4216 513 4273 ut
534 4198 599 4273 hac
620 4197 664 4271 de
682 4224 786 4274 causa
805 4197 958 4297 plerique
979 4192 1127 4291 theologi
1143 4192 1217 4264 ani·

168 4331 220 4398 (tt)
234 4335 274 4386 De
289 4333 391 4400 senoco
404 4333 559 4386 lievilla.
571 4335 677 4385 xmo.
689 4340 712 4387 c,
1023 4379 1024 4383 ,
1071 4409 1093 4453 *
