2872 5062
259 389 328 441 aar.
342 387 713 438 admiraremini
728 388 914 440 stemmati
927 387 1161 444 nocrnzsenou.
1234 366 1282 443 ii

161 524 195 610 q.
222 511 255 582 2.
280 539 299 577 a
314 508 366 579 An
393 505 661 580 insacramento
686 507 889 582 matrimonii
915 507 1105 584 conseratur
1129 513 1279 610 gratiale·

161 627 317 724 Ile's'p.::²«
332 625 447 710 Nunc,
477 638 625 720 tempere
648 620 732 718 legis
756 623 863 696 novae
884 631 951 696 nou
976 622 1118 698 tantum
1131 644 1279 726 praestat

162 737 458 847 illird.'remedium
478 741 507 832 ⁴(
528 750 566 809 ut
589 737 625 809 in
650 735 725 833 lege
749 737 852 810 reteri
866 741 898 833 ),
929 738 989 811 sed
1015 739 1115 813 etiam
1140 738 1277 843 aliquod

160 853 294 950 gratiae
314 852 442 926 donum
465 851 571 948 digne
596 851 884 950 suscipientibus,
914 868 1031 953 utpote
1053 853 1126 942 bis,
1155 858 1213 955 qui
1239 885 1280 932 ex

163 969 336 1043 charitatis
362 984 532 1043 consensu
556 969 720 1041 uniuntur
744 968 788 1041 ad
814 969 1059 1068 procurandam
1086 971 1213 1070 prolem
1233 971 1278 1048 ob

162 1085 326 1158 divinum'
340 1084 466 1158 cultum
480 1113 510 1155 .«
524 1084 617 1183 quod
641 1083 764 1157 deinde
781 1085 867 1158 fuse¹
881 1084 1004 1159 evolvit
1025 1089 1115 1182 (86).
1135 1086 1277 1162 Demum

161 1202 197 1272 in
214 1226 305 1299 resp,
327 1200 371 1273 ad
391 1202 424 1272 i.
436 1199 541 1274 'soluit
558 1198 792 1272 difficidtatem
810 1199 1078 1288 canonistarum,
1099 1203 1279 1301 quinega·

158 1302 242 1390 baut
273 1315 415 1412 gratiam
440 1341 501 1414 per
515 1314 774 1388 'matrimonium
807 1315 973 1403 conferri,
1003 1343 1047 1389 ne
1071 1317 1278 1394 simoniacus

160 1448 252 1507 esset
276 1447 467 1506 contractus
493 1431 638 1504 de'dote
662 1431 743 1503 du'm
768 1430 955 1506 celebratur
980 1434 1189 1532 coniugium:
1227 1435 1279 1503 ·ζ,,;

162 1557 204 1625 ἐμ
234 1548 634 1622 Posts.Bonavonturem
647 1549 959 1622 commemorandus
972 1566 1024 1623 est
1033 1551 1279 1625 loannesDuns

160 1665 298 1750 Sectis,
319 1663 380 1762 qui
405 1663 441 1735 in
465 1662 592 1736 Comm.
617 1663 651 1735 in
678 1664 1026 1738 assuescenti.
1045 1669 1080 1766 ¹q.
1095 1670 1132 1740 ’1.
1150 1668 1277 1766 septem

159 1778 331 1854 concludit
353 1778 460 1853 luisse
477 1806 498 1850 o
517 1777 646 1850 Christo
670 1779 723 1851 cel
738 1780 975 1853 Dcd'instituia
999 1785 1203 1855 sacramento
1216 1784 1278 1881 pro

160 1895 419 1993 emporitanus
446 1895 546 1992 lepis·
573 1895 695 1967 deinde
721 1896 867 1995 ostendit
891 1896 934 1969 de
960 1899 1180 1972 sacramentis
1207 1899 1279 1972 sin*

159 2009 262 2108 gulis
273 2037 315 2084 ex
337 2010 447 2103 sacris
471 2010 611 2098 litteris,
641 2010 805 2086 inclusive
822 2013 865 2086 de
882 2013 1127 2101 matrimonio?
1143 2015 1278 2088 deinum

160 2126 196 2198 id
214 2126 327 2224 ipsum
339 2126 382 2200 de
394 2126 552 2200 omnibus
570 2127 755 2201 universim
770 2129 894 2202 'evincit
906 2129 972 2202 hac
986 2130 1133 2202 ratione:
1149 2160 1167 2227 (ς
1180 2130 1278 2216 Qiiod

161 2251 276 2314 autem
301 2241 384 2316 haec
408 2243 561 2316 omnine
583 2243 655 2317 solo
680 2244 750 2316 Deo
776 2243 900 2316 luerint
920 2245 1078 2316 'instituta
1103 2250 1195 2341 patet
1219 2271 1279 2342 per

161 2355 385 2456 illud‚1qu0d
411 2372 537 2430 tactum
562 2372 614 2430 est
639 2356 674 2428 in
699 2355 846 2454 generali
865 2357 910 2429 de'
932 2357 1140 2431 institutione
1165 2383 1279 2432 sacra*-

160 2471 397 2546 monti-iuli
422 2473 512 2546 enim
538 2474 698 2572 competit
722 2474 861 2571 signum
882 2473 1076 2547 instituere.
1092 2475 1279 2572 practicum

160 2589 227 2662 nisi
247 2586 314 2663 'uel¹
333 2605 488 2689 respectu
512 2587 657 2662 alicuius
683 2604 779 2662 actus
806 2589 859 2662 sui
885 2589 1033 2687 proprii,
1053 2589 1106 2662 vel
1124 2594 1280 2689 respectu

161 2702 323 2790 alicuius,
344 2703 405 2803 qui
431 2703 549 2777 subest
574 2703 640 2776 sibi
666 2720 829 2803 quantum
847 2703 890 2776 ad
908 2703 1004 2775 illum
1021 2720 1144 2776 actum.
1161 2704 1279 2778 Sacra-

162 2831 311 2893 mentum
334 2831 446 2894 autem
463 2836 515 2892 est
532 2820 666 2916 signum
684 2820 869 2918 practicum
887 2829 1042 2917 respectu
1059 2818 1205 2893 ellectu's'·
1216 2818 1278 2893 Dei

162 2935 317 3034 proprie,
348 2937 497 3009 et'Deus
519 2947 590 3009 'non
615 2951 725 3036 potest
749 2937 785 3007 in
811 2951 887 3008 actu
913 2934 980 3007 sibi
1005 2935 1142 3033 proprio
1176 2934 1279 3009 alicui

161 3050 219 3124 alii
237 3051 401 3126 subesse:
423 3036 607 3149 ergo'eto.»
624 3050 722 3137 Quod
739 3052 861 3125 deiude
878 3051 1032 3150 pluribus
1042 3049 1276 3148 prosequitur,

162 3209 165 3215 Ι
233 3238 284 3302 (86)
302 3243 356 3290 «Ex
372 3241 419 3290 hac
433 3239 523 3304 gratia,
540 3240 630 3302 inquit,
641 3239 670 3290 lit
679 3238 814 3290 remedium
832 3240 917 3290 contra
932 3237 1056 3302 triplicem
1071 3237 1277 3288 inordinationem

161 3319 389 3383 concupiscentiae,
401 3321 427 3370 et
439 3319 548 3370 nascitur
563 3319 654 3383 triplex
667 3317 761 3368 bonum
777 3317 935 3370 matrimonii.
951 3317 1153 3380 concupiscentia
1166 3317 1232 3367 enim
1243 3317 1280 3367 iu·

160 3400 236 3451 clinat
244 3399 278 3449 ad
289 3400 392 3450 multas:
408 3399 468 3463 quia
482 3400 624 3450 luxuriosus
636 3410 687 3448 non
697 3401 735 3449 est
746 3411 796 3448 una
808 3399 951 3448 contentus:
964 3400 988 3449 et
999 3398 1025 3448 in
1037 3398 1196 3448 matrimonio
1207 3396 1281 3448 datin

160 3478 237 3541 gratia
253 3479 348 3530 bomini
356 3516 364 3543 ‚
382 3480 411 3529 ut
424 3480 471 3530 soli
489 3480 560 3530 uxori
576 3479 638 3529 velit
652 3478 781 3541 coniungi:
794 3479 820 3528 et
829 3479 864 3527 ita
873 3477 984 3542 pronitas
995 3476 1026 3527 ad
1035 3477 1129 3526 vmultas
1140 3475 1280 3527 excluditur

146 3551 203 3624 'per
217 3560 334 3624 rapulam
346 3560 504 3624 singularem.
516 3559 721 3623 concupiscentia
736 3559 810 3608 etiem
825 3557 928 3608 inclinat
942 3557 973 3606 ad
987 3557 1174 3608 delectationem
1184 3550 1235 3606 uoti
1249 3555 1280 3605 ad

160 3641 308 3691 utilitatemz
321 3640 381 3704 quia
394 3641 535 3691 luxuriosus
544 3653 594 3690 uon
605 3640 702 3703 quaerit
713 3638 761 3689 nisi
774 3639 965 3690 satislactionem
975 3637 1112 3702 appetitus,
1129 3650 1172 3688 seu
1188 3636 1280 3700 appeti·

160 3724 198 3772 tus
213 3721 335 3772 sensitivi.
354 3722 432 3771 Datur
448 3734 507 3784 ergo
526 3723 605 3784 gratia
621 3722 648 3770 iu
668 3719 846 3782 matrimonio,
863 3724 955 3770 utnon
971 3722 1102 3783 cognoseat
1116 3731 1219 3768 uxoren
1234 3718 1280 3768 nisi

159 3803 260 3865 propter
269 3800 380 3864 prolem,
391 3803 417 3851 et
426 3800 462 3851 ita
470 3801 610 3851 excluditur
620 3799 751 3851 delectatio
764 3800 898 3864 appetitiva
910 3813 955 3863 per
965 3799 1079 3862 copulam
1095 3798 1190 3848 utilem.
1201 3799 1262 3847 ilem
1272 3816 1279 3845 ε

160 3880 368 3944 coucupiscentia
385 3880 511 3931 fastidium
529 3882 693 3945 generatpost
704 3881 881 3944 impletionem.
897 3878 969 3929 Unde
983 3879 1139 3940 luxuriosus,
1149 3878 1280 3940 postquam

159 3962 276 4026 coguovit
297 3973 388 4023 unam,
409 3962 478 4011 illam
501 3961 613 4025 respuit,
632 3962 658 4012 et
672 3961 742 4011 vadit
757 3961 788 4010 ad
805 3960 888 4010 aliam.
905 3960 934 4008 ln
948 3959 1106 4009 matrimonio
1127 3970 1187 4008 vero
1207 3954 1281 4007 datur

159 4043 250 4106 gratia,
267 4044 297 4093 ut
308 4055 405 4106 semper
421 4043 482 4094 velit
496 4056 549 4094 esse
564 4056 621 4093 cum
637 4055 703 4093 una:
720 4044 745 4092 et
760 4043 796 4091 ila
812 4040 952 4091 excluditur
965 4040 1090 4090 variarum
1107 4035 1280 4099 eoncupiscen-

157 4123 192 4174 tia
201 4137 247 4188 per
255 4124 372 4187 copulam
382 4123 579 4187 inseparabilem.
589 4127 625 4173 Ex
636 4123 725 4188 copula
734 4123 852 4186 singulari
859 4122 940 4171 oritur
947 4121 1040 4171 bonum
1049 4118 1106 4168 lidei
1114 4155 1121 4180 ‚
1130 4120 1159 4167 ut
1166 4116 1198 4166 ad
1206 4115 1280 4166 aliam

158 4217 207 4254 nou
219 4203 330 4255 amedei.
342 4208 378 4254 Ex
391 4205 480 4268 copula
492 4205 549 4255 utili
560 4203 653 4255 bonum
664 4203 749 4267 prolis.
764 4206 801 4252 En
817 4202 906 4265 copula
922 4199 1079 4264 inseparabili
1094 4197 1186 4248 bonum
1200 4209 1279 4247 seem·

157 4285 260 4335 mesti.»
270 4287 308 4335 En
325 4284 400 4348 igitur
413 4283 474 4348 quid
488 4284 534 4335 sibi
546 4285 671 4334 voluerint
686 4283 782 4345 antiqui
798 4281 939 4334 scholastici
956 4294 1013 4331 cum
1029 4279 1137 4330 dicerent
1153 4277 1279 4329 matrimo-

157 4365 226 4417 nium
241 4365 384 4416 instilutum
399 4368 427 4416 in
439 4364 597 4428 remedium,
610 4366 648 4416 vel
661 4368 688 4416 in
700 4363 846 4415 remedium
858 4361 1091 4424 concupiscentiae.
