2872 5062
162 328 231 402 136
362 353 423 403 nn.
443 353 466 402 r.
488 353 572 402 secr.
594 354 616 402 t.
639 353 678 402 na
696 354 826 403 aurun.
848 353 1059 406 ssoarnruro.

232 470 350 549 Verum
373 471 462 569 quod
487 470 594 566 magis
618 470 661 541 ad
687 494 755 542 rem
780 486 926 543 nostram
944 471 1042 556 lacit,
1062 486 1113 543 est
1129 472 1262 545 concilii

161 586 331 659 tridentini
349 586 551 672 auctoritas,
571 585 661 684 quod
679 600 756 683 post
773 584 910 657 allatum
931 585 1105 685 paulinum
1122 601 1260 674 textum,

161 700 351 773 immediate
375 726 415 773 ex
438 726 478 773 eo
499 701 612 773 inlert:
637 699 749 772 «Cum
766 699 868 796 igitur
884 699 1130 772 matrimonium
1143 701 1177 772 in
1190 701 1264 799 lege

160 815 353 914 evangelica
368 816 538 889 veteribus
554 815 730 890 connubiis
748 831 911 915 praestet:
928 815 1045 888 merito
1062 815 1148 888 inter
1160 843 1266 891 novae

129 970 132 977 ·
159 931 244 1028 legis
262 947 471 1005 sacramenta
488 931 774 1005 annumerandum
791 931 899 1004 sancti
917 946 1028 1029 patres
1046 931 1167 1019 nostri,
1184 958 1265 1006 con-

159 1046 237 1119 cilia
250 1062 283 1119 et
294 1047 495 1120 universalis
513 1047 674 1120 ecclesiae
686 1046 820 1120 traditio
835 1073 966 1144 semper
977 1045 1162 1120 docuerunt
1172 1049 1261 1143 (1).»

232 1160 402 1233 Habemus
425 1161 526 1257 igitur
550 1188 590 1233 ex
615 1160 813 1248 tridentino,
848 1160 1018 1232 Christum
1043 1158 1125 1232 illud
1151 1161 1263 1259 ipsum

101 1341 103 1345 ,
159 1275 375 1362 connubium,
396 1276 486 1375 quod
503 1277 649 1373 primum
674 1277 781 1348 alteo
805 1260 993 1348 institutum
1019 1291 1089 1363 est,
1117 1277 1152 1347 in
1179 1303 1265 1350 nova

141 1391 233 1488 ¹lege
255 1392 362 1488 gratia
385 1392 537 1490 auxisse,
562 1391 659 1464 etad
684 1390 754 1464 veri
781 1390 976 1491 propriique
996 1392 1195 1464 sacramenti
1212 1392 1265 1463 di-

159 1506 319 1603 gnitatem
345 1509 508 1581 evexisse.
541 1507 588 1580 do
613 1522 807 1607 propterea,
835 1506 925 1605 quod
951 1531 1160 1606 consequens
1190 1524 1258 1595 est,

159 1621 322 1694 eiusmodi
348 1623 552 1695 evectionem
577 1646 617 1694 ex
641 1621 766 1695 Christi
788 1621 995 1695 institutione
1012 1647 1088 1694 esse
1105 1621 1171 1720 ipsi
1189 1647 1265 1695 con-

160 1737 280 1809 tractui
314 1737 528 1810 intrinsecam
558 1737 642 1811 adeo
667 1763 708 1810 ac
731 1736 985 1823 inhaerentem,
1011 1753 1048 1810 ut
1071 1737 1264 1835 coniugium

159 1850 378 1926 christianum
398 1853 618 1952 praeseferret
633 1853 766 1950 signum
784 1850 1113 1949 repraesentationis,
1134 1877 1195 1925 seu
1212 1878 1264 1924 re-

160 1966 260 2040 ferret
280 1992 341 2066 per
362 1994 399 2041 se
423 1969 578 2042 unionem
598 1967 722 2042 Christi
749 1993 825 2041 eum
846 1965 999 2040 ecclesia.
1017 1965 1110 2052 Quae
1127 1965 1264 2065 quidem

160 2081 285 2156 Christi
309 2083 389 2156 unio
406 2109 483 2157 eum
500 2083 624 2183 duplex
645 2084 709 2170 sit,
733 2083 895 2183 physica,
915 2081 1054 2168 scilieet,
1074 2080 1171 2154 Verbi
1188 2107 1264 2154 oum

159 2195 366 2272 humanitate
383 2225 443 2299 per
459 2199 741 2287 incarnationem,
761 2214 794 2272 et
809 2196 966 2284 moralis,
987 2223 1118 2296 nempe,
1138 2196 1264 2287 Christi

159 2337 235 2386 oum
259 2313 401 2388 eeclesia
425 2316 648 2415 pergratiam
672 2341 787 2401 suam3
812 2313 1060 2388 matrimonium
1077 2312 1120 2386 ad
1137 2329 1264 2387 utram-
1312 2372 1314 2376 .

159 2453 226 2526 que
250 2430 409 2503 unionem
434 2430 689 2528 significandam
714 2430 777 2504 ruit
802 2457 822 2505 a
845 2430 979 2504 Christo
1002 2429 1144 2504 Domino
1167 2430 1265 2503 insti*

159 2556 278 2615 tntum.

231 2656 297 2730 Sed
309 2673 456 2758 praestat
472 2661 713 2760 expositionem
730 2661 865 2748 afferre,
881 2685 982 2760 quam
1000 2659 1143 2758 insignis
1161 2661 1262 2736 huius

160 2769 290 2870 paulini
307 2788 416 2847 textus
429 2775 472 2848 ad
486 2801 555 2849 rem
572 2792 720 2850 nostram
739 2776 908 2876 praeclare
923 2775 1025 2849 hahet
1036 2775 1264 2851 Bemardinus

159 2918 181 2966 a
203 2893 356 2979 Picenio,
380 2918 534 2992 quaeque
550 2908 792 2990 argumentum,
812 2892 902 2992 quod
918 2913 1101 2980 versamus,
1122 2893 1263 2968 mirifice

159 3006 315 3082 illustrat.
332 3011 604 3082 «Sacramentum
621 3009 677 3080 hoc
693 3035 847 3107 mopnom
858 3022 923 3080 est:
944 3034 1000 3106 eqo
1016 3023 1122 3080 cotom
1139 3008 1212 3082 dieo
1228 3011 1263 3081 in

162 3128 290 3201 Christo
303 3128 381 3199 etio
392 3126 536 3199 rocleno.
553 3124 639 3197 Hine
655 3122 836 3220 colligitur,
857 3123 903 3195 uit
920 3123 1012 3223 ipse,
1032 3123 1122 3222 quod
1139 3126 1264 3198 sancti·

156 3258 212 3316 tus
224 3258 257 3316 et
268 3241 463 3315 excellentia
478 3240 679 3315 matrimonii
697 3239 870 3313 christiani
887 3239 1039 3314 consistit
1051 3239 1085 3312 in
1098 3256 1158 3328 so,
1171 3241 1262 3340 quod

160 3358 408 3431 matrimonium
433 3372 563 3431 emanet
586 3355 630 3430 ab
653 3356 776 3430 unione
792 3354 916 3428 Christi
933 3381 1009 3428 oum
1021 3354 1183 3443 ‘ecolesim
1204 3381 1263 3428 cu-

162 3471 363 3544 insanionis
382 3471 573 3568 imagoest,
594 3471 794 3569 signumque
816 3469 1145 3568 repraesentativum.
1168 3468 1262 3542 Hanc

160 3599 271 3657 autem
287 3583 411 3657 Christi
428 3585 585 3658 unionem
601 3575 678 3657 cum
694 3578 835 3658 ecclesia
851 3583 1096 3657 matrimonium
1108 3583 1263 3658 christia·

162 3727 243 3774 num
269 3699 367 3800 quasi
391 3698 552 3798 adimplet
568 3715 600 3773 et
616 3699 763 3800 perficit,
791 3725 866 3773 eum
889 3697 1132 3772 dat-ceclesiae
1151 3698 1258 3788 filios,

158 3814 360 3914 Christoque
383 3813 532 3888 membra
551 3815 704 3915 mystica.
721 3814 782 3888 llst
805 3838 884 3910 ergo
907 3813 1041 3887 unionis
1064 3810 1191 3888 Christi
1216 3815 1262 3888 ita

161 3930 442 4032 repraesentatio,
462 3947 500 4004 ut
516 3930 560 4004 sit
579 3946 614 4003 et
637 3929 850 4031 adimpletio,
876 3945 978 4030 atque
1000 3930 1256 4004 consummatio.

160 4049 404 4121 Sacramettum
429 4045 485 4119 hoc
508 4071 662 4146 mopnurn
685 4061 749 4120 est:
775 4071 830 4144 epo
854 4060 962 4118 cutem
984 4044 1056 4118 de'co
1077 4046 1113 4117 io
1131 4044 1260 4117 Christo

112 4269 114 4272 Ι
157 4177 191 4236 'rt
214 4165 251 4234 in
274 4161 421 4246 raelaia,
448 4162 548 4262 quasi
576 4162 718 4237 diceret:
747 4161 810 4237 hoc
833 4176 1076 4237 sacramentum
1100 4182 1259 4258 magnum

232 4312 266 4375 (t)
280 4314 344 4364 sess.
356 4315 441 4366 xxtv.
