2872 5062
142 398 144 403 2
166 360 233 431 att
363 380 425 432 nn.
447 382 469 432 r.
491 380 577 432 sscr.
599 352 728 433 irruit.
751 381 791 432 na
809 383 939 433 mrnnr.
962 381 1070 432 civiti.

164 500 257 599 lique
272 499 514 600 approbatione
528 526 587 574 seu
598 517 676 574 voto
692 527 732 575 ac
750 500 925 597 suffragio.
938 500 1008 573 flos
1026 500 1144 598 itaque
1160 524 1278 572 omnes

164 613 355 710 gravissimi
389 639 500 686 eoram
529 614 600 689 Deo
624 615 753 714 peccati
781 640 856 688 reos
884 614 955 686 fieri
982 613 1149 700 dicimus,
1178 611 1279 711 piout

165 730 351 805 voluntarie
382 731 631 831 deliberatoque
657 733 804 831 quisque
829 746 958 830 partem
985 756 1082 804 suam
1109 731 1248 804 confert.

236 846 355 919 ‘Plures
373 845 512 920 forsitan
530 873 570 919 ex
588 846 881 947 pseudo-politicis
907 846 950 919 ad
976 845 1145 918 eiusmodi
1172 872 1281 918 enun-

165 963 345 1036 ciationem
359 962 597 1050 subridebunt,
618 980 674 1036 aut
692 965 791 1037 etiam
809 962 985 1037 cachinnis
1002 988 1076 1035 eam
1095 962 1274 1062 excipient.

166 1078 264 1164 Est03
293 1095 522 1152 verumtamen
548 1079 612 1153 hcc
638 1105 700 1152 nos
726 1078 912 1152 absterrere
936 1104 1003 1151 non
1028 1077 1127 1150 debet
1152 1077 1197 1150 ab
1221 1078 1279 1151 ad-

165 1193 325 1267 struenda
348 1195 487 1268 veritate
512 1194 702 1268 cuiusmodi
727 1196 762 1266 in
788 1220 826 1267 se
849 1209 919 1282 est;
949 1219 1011 1266 nec
1037 1193 1126 1266 enim
1156 1193 1277 1292 impio-

163 1335 239 1382 rum
253 1309 344 1382 risus
359 1326 510 1384 avertere
528 1337 590 1384 nos
608 1310 728 1397 debet,
750 1311 816 1383 imo
834 1336 896 1384 nec
912 1309 1088 1382 minimum
1106 1309 1278 1384 dimovere

165 1423 210 1496 ah
240 1424 364 1498 officio.
390 1425 477 1499 Huic
499 1427 593 1499 risui
619 1453 682 1500 nos
698 1426 922 1500 *assuevimus
946 1425 1048 1498 etiam
1082 1424 1197 1524 queam
1222 1450 1278 1498 res

162 1540 300 1614 maioris
325 1542 497 1613 momenti.
519 1542 662 1639 Insuper
685 1541 877 1614 istiusmodi
904 1540 1035 1629 irrisio,
1056 1557 1115 1613 aut
1131 1539 1278 1614 subsan-

95 1747 96 1750 ,
163 1655 313 1747 natioleo
334 1654 455 1729 melius
481 1655 712 1754 eompmbaret
737 1655 1016 1756 confirmaretque
1039 1655 1132 1755 quod
1156 1656 1193 1727 in
1217 1681 1277 1729 ιιιὁ

163 1769 285 1868 periori
308 1769 454 1844 articulo
479 1771 645 1858 diximus,
667 1771 824 1842 nimirum
846 1770 1044 1844 huiusmodi
1061 1770 1219 1844 homines
1235 1795 1277 1842 ax

162 1883 231 1957 illis
247 1911 323 1958 esse
336 1912 353 1973 ,·
365 1885 424 1984 qui
442 1886 477 1957 in
496 1885 698 1984 profundum
720 1886 903 1985 impietatis
929 1885 1060 1986 delapsi
1086 1885 1273 1984 practicam

162 2000 361 2098 profitentur
376 1999 599 2087 atheismum,
620 1998 747 2073 nullam
760 2001 838 2087 Dei,
860 2000 1016 2099 propriae
1034 2000 1271 2087 conscientiae,

161 2129 220 2187 aut
240 2113 372 2188 suturae
391 2115 479 2189 vitae
497 2116 660 2189 rationem
678 2115 854 2188 hahentes.
876 2115 1049 2215 Siquidem
1067 2115 1274 2214 exploratum

160 2244 232 2316 est,
261 2255 328 2302 non
353 2233 479 2330 paucos
504 2230 625 2303 erbis
650 2229 944 2329 pseudo-politicis
966 2230 1009 2303 ad
1030 2245 1180 2304 secretas
1198 2256 1274 2329 per-

162 2342 267 2416 tinere
291 2358 420 2431 sectas,
448 2359 507 2417 aut
532 2345 735 2444 quandoque
760 2345 862 2431 etiam
888 2345 1191 2433 communismum,
1215 2360 1274 2468 aut

159 2455 390 2530 socialismum
415 2458 606 2557 complexos
633 2484 721 2532 esse.
1220 2482 1222 2486 ’

234 2570 407 2670 Quidquid
432 2597 531 2671 porro
556 2573 598 2645 de
623 2572 688 2647 hoc
713 2574 773 2661 sit,
795 2576 841 2648 ita
867 2600 929 2649 nos
954 2576 1161 2674 propositam
1187 2576 1274 2650 veri-

161 2702 261 2760 tatem
280 2687 509 2760 adstruimus:
531 2689 591 2787 qui
608 2688 735 2762 nolant
751 2690 915 2764 ccclesiae
933 2690 1040 2788 legem
1052 2719 1060 2778 ;
1081 2691 1142 2792 qui
1161 2708 1274 2766 aucto-

160 2829 215 2877 res
240 2802 318 2876 aliis
343 2818 438 2888 sunt,
459 2818 496 2875 ut
512 2829 587 2877 eam
606 2805 914 2902 transgrediantur;
936 2807 995 2906 qui
1012 2804 1098 2881 alios
1120 2806 1274 2882 alliciunt

160 2917 203 2990 ad
229 2932 352 2992 statum
378 2917 562 2991 habitualis
588 2919 736 3016 peccati;
756 2920 813 3019 qui
835 2919 921 2995 alios
941 2920 1106 2994 obiiciunt
1126 2923 1271 2996 euidenti

159 3033 309 3134 periculo
330 3049 502 3107 aeternum
519 3033 657 3107 exitium
675 3035 866 3108 incurrendi
877 3065 884 3122 ;
897 3037 933 3108 hi
944 3037 1092 3136 profecto
1109 3064 1187 3114 reos
1204 3064 1273 3111 ma·

159 3150 278 3224 niseste
296 3177 333 3224 se
349 3150 557 3225 constituunt
582 3176 694 3225 coram
715 3152 786 3225 Deo
810 3152 1002 3249 gravissimi
1028 3152 1181 3228 sceleris.
1203 3155 1271 3227 lam

158 3291 236 3373 vero
262 3265 346 3340 tales
367 3292 447 3340 esse
472 3291 531 3339 eos
556 3293 686 3354 omnes,
708 3292 794 3365 quos
813 3294 919 3367 nuper
944 3269 1200 3357 recensuimus,
1227 3269 1271 3342 ita

160 3371 227 3453 iam
246 3381 442 3479 singulatim
461 3382 683 3456 ostendimus.

167 3496 287 3569 Ac
304 3500 338 3567 1.
356 3497 505 3571 Graviter
523 3524 666 3628 peccare
691 3525 770 3586 eos,
792 3501 859 3598 qui
884 3499 1048 3573 ecclesiae
1072 3498 1236 3626 legem
1206 3525 1271 3573 vro

158 3611 255 3700 lant,
263 3637 417 3712 eamque
443 3614 579 3686 maximi
606 3616 782 3701 momenti,
810 3615 1000 3689 videlicet
991 3641 1026 3686 ιιι
1052 3621 1108 3702 ιε’,
1137 3641 1179 3688 ex
1204 3608 1272 3714 qua

158 3728 346 3828 pendetvel
359 3728 544 3827 legitimum
564 3729 810 3830 honestumque
836 3731 1048 3827 coniugium,
1075 3747 1135 3803 aut
1164 3731 1270 3830 turpis

158 3843 351 3932 fornicatio,
380 3830 499 3932 nemo,
520 3851 558 3918 ut
575 3845 820 3945 arbitror,qui
847 3846 1092 3946 professionem
1114 3845 1271 3918 christia·

157 3987 234 4034 nam
260 3963 403 4036 fateatur
427 3963 548 4062 poterit
573 3967 718 4060 negare,
748 3979 806 4035 aut
831 3962 931 4036 etiam
953 3961 1151 4035 indubium
1176 3969 1269 4035 revo-

157 4083 249 4151 care>
273 4079 345 4151 lam
368 4084 458 4152 vero
472 4077 550 4150 talis
566 4084 628 4151 est
653 4079 850 4152 tridentina
865 4077 1017 4165 sanctio,
1047 4077 1140 4151 iuxta
1169 4083 1268 4178 quam

158 4192 545 4290 reddunturinhahiles
571 4194 615 4265 ad
635 4207 849 4268 contractum
884 4193 1069 4266 ineundum
1100 4190 1267 4293 atqua-ad

158 4306 348 4382 iaciendum
369 4310 581 4408 coniugium,
603 4310 661 4408 qui
680 4335 791 4384 coram
817 4309 965 4410 parocho
982 4334 1023 4383 ac
1040 4308 1192 4396 duobus,
1213 4321 1266 4380 aut
