2872 5062
162 357 207 427 ot
356 378 417 429 nu.
439 377 462 426 1.
483 376 568 426 sear.
592 378 614 425 1.
636 377 675 424 uu
702 376 837 425 unrmn.
860 375 1075 425 sncmuenro.

162 498 299 580 tltetr'ce,
332 510 369 567 ut
393 495 505 582 aiunt,
532 493 641 568 solum
677 493 856 566 affirmavit
888 509 988 566 nutus
1019 492 1072 565 vel
1102 495 1200 590 sigua
1231 488 1276 567 ad

161 611 408 684 conficiendum
430 608 642 705 coniugium,
663 633 724 680 seu
743 623 986 681 sacramentum
1011 633 1078 680 nou
1104 607 1275 696 sufficere,

161 729 190 800 si
227 726 380 799 Christus
411 725 654 797 determinasset
691 725 790 795 oerla
825 724 867 795 ad
898 738 1141 795 sacramentum
1175 723 1281 796 coufi—

163 841 351 928 cieudum,
386 840 477 939 quod
508 839 583 938 ipse
614 865 680 911 uon
713 838 869 910 admittit.
901 836 994 910 Idem
1023 836 1079 910 dic
1110 838 1154 910 de
1184 840 1280 912 Petro

161 956 366 1040 lombardo,
396 955 455 1052 qui
483 954 599 1026 scribit
623 979 690 1026 non
716 953 869 1026 sulficere
890 953 933 1025 ad
957 952 1218 1039 matrimonium,
1248 953 1279 1025 si

160 1070 395 1145 contrahentes
421 1083 523 1140 aare
548 1069 783 1151 consentiant,
806 1082 845 1147 at
872 1067 962 1141 huuc
985 1093 1199 1141 consensum
1212 1093 1280 1141 uou

161 1186 349 1285 exprimant
362 1183 474 1257 verbis
487 1183 540 1258 vel
553 1185 631 1256 aliis
642 1184 739 1256 certis
752 1185 868 1280 sienis.
880 1183 1049 1256 Sicotiam
1068 1209 1097 1254 s.
1106 1182 1274 1269 Thomas,

162 1299 222 1396 qui
242 1296 474 1384 «Dicendum,
499 1298 625 1396 iuquit,
655 1297 746 1395 quod
762 1297 928 1395 ⁴quamvis
954 1323 1020 1369 nou
1047 1296 1181 1395 possint
1202 1311 1278 1370 vota

162 1435 225 1483 sua
246 1424 363 1489 mutuo
373 1410 495 1484 *verbis
519 1410 602 1484 tales
623 1410 756 1505 (muti)
776 1410 979 1508 exprimere,
1003 1425 1152 1507 possunt.
1166 1423 1278 1482 tamen

159 1527 341 1623 caprimera
362 1527 509 1609 natibus,
531 1541 562 1597 et
579 1527 659 1599 tales
683 1540 780 1597 natas
794 1551 856 1623 pro
872 1526 979 1603 cerlis
1004 1539 1272 1621 computantur.»

162 1639 225 1712 Ubi
248 1640 350 1737 igitur
369 1640 405 1712 hi
424 1654 576 1713 auctores
595 1639 780 1713 docuerunt
800 1664 866 1713 nou
886 1639 1006 1712 confici
1033 1653 1277 1728 sacramentum

160 1755 367 1828 matrimonii
393 1755 476 1828 solis
501 1753 657 1843 nutibus,
692 1742 768 1827 cum
802 1780 918 1828 omnes
951 1754 1153 1830 contrarium
1188 1753 1279 1827 affir-

160 1884 251 1942 ment
267 1869 375 1965 (24))
805 1945 807 1948 ,

238 1984 352 2082 Neque
370 1983 466 2056 aliter
483 1984 589 2057 sensit
605 1986 664 2084 qui
683 1985 811 2081 integro
836 1999 912 2083 post
938 1982 1051 2057 seculo
1069 1983 1183 2056 floruit
1199 1983 1278 2058 Dio·

161 2097 281 2196 nysius
299 2098 535 2173 carthusianus
543 2101 616 2195 (tt)
633 2101 669 2171 in
685 2101 717 2170 l.
731 2100 821 2172 Sent.
832 2099 912 2172 dist.
923 2101 1049 2197 tdqu.
1060 2100 1093 2168 1.
1104 2097 1274 2172 scribensz

159 2240 181 2283 n
194 2210 261 2283 Alii
279 2211 415 2301 dicunt,
436 2213 527 2313 quod
544 2215 653 2310 gratia
669 2214 767 2287 datur
784 2214 820 2285 in
837 2201 1054 2292 matrimonio¹
1074 2213 1202 2296 ratione
1223 2200 1278 2286 be-

163 2325 379 2402 nedictionis.
396 2329 499 2402 ..sed
520 2329 584 2403 hoc
606 2355 673 2403 nou
691 2329 798 2417 valet,
823 2329 983 2428 quoniam
1005 2327 1194 2402 benedictio
1220 2328 1279 2402 illa

158 2456 207 2512 est
232 2441 313 2538 qaid
333 2443 595 2526 sacramentale,
625 2456 869 2515 sacramentum
894 2457 1004 2514 autem
1030 2456 1081 2514 est
1105 2440 1278 2516 efficacius

159 2554 203 2626 ad
216 2554 362 2627 dandam
375 2557 529 2651 gratiam,
550 2582 652 2654 quam
671 2555 922 2629 sacramentale.
939 2555 1131 2630 Benedictio
1144 2582 1278 2656 quoqne

123 2749 126 2759 Ι
160 2691 227 2739 uon
252 2666 350 2739 datur
375 2668 442 2740 nisi
469 2668 504 2739 in
530 2669 651 2767 primis
676 2669 843 2767 nuptiis.»

232 2781 295 2853 His
321 2781 491 2855 coronidis
516 2783 624 2879 gratia
650 2783 828 2857 nonnullos
853 2784 975 2856 addam
997 2811 1038 2856 ex
1063 2783 1276 2859 scholasticis

159 2897 425 2994 posterioribuS,
459 2896 517 2997 qui
539 2897 721 2971 doctrinae
752 2900 913 2973 hacteuus
940 2899 976 2970 in
1001 2899 1145 2972 ecclesia
1179 2901 1275 2974 unice

158 3011 400 3108 vigenticirca
425 3012 624 3085 sacramenti
651 3013 854 3086 matrimonii
889 3013 1080 3085 ministrum
1112 3012 1275 3086 calculum

160 3151 258 3198 suum
275 3126 481 3213 adiecerunt,
499 3127 581 3226 quin
598 3125 652 3200 rel
665 3125 737 3202 leve
749 3127 890 3199 dubium
907 3127 950 3199 de
967 3127 1040 3200 eius
1054 3127 1192 3216 veritate
1205 3152 1276 3200 mo-

157 3240 399 3314 veantflorum
414 3240 566 3339 plerique
578 3240 630 3314 vel
644 3242 720 3340 ipsa
729 3241 812 3313 Cani
826 3255 944 3330 aetate,
955 3240 1006 3314 vel
1015 3239 1116 3339 paulo
1129 3255 1207 3339 post
1218 3240 1276 3314 flo-

159 3368 305 3442 ruerunt,
315 3381 376 3428 nec
385 3370 495 3428 tamen
509 3383 529 3444 a
542 3371 674 3455 recepta
683 3356 871 3446 inecclesia
881 3355 1045 3428 sententia
1054 3354 1271 3429 deflexerunt.

232 3470 347 3568 ltaque
373 3470 495 3544 Paulus
517 3472 680 3551 Soncinas
697 3472 732 3542 in
749 3472 898 3568 Epitorae
915 3485 1045 3568 q‘aaest.¹
1058 3470 1194 3543 loannis
1211 3469 1274 3544 Ca·

33 3671 36 3676 .
158 3581 263 3680 preoli
279 3583 383 3678 inl.
406 3586 503 3661 Sem..
513 3586 592 3658 dist.
612 3587 670 3657 tt.
688 3581 864 3675 inficiatur
877 3584 967 3683 quod
993 3584 1059 3656 hoc
1083 3609 1274 3674 sacramen-

158 3712 229 3769 tum
249 3727 266 3766 u
278 3698 492 3799 dispensetur
509 3728 569 3800 per
590 3700 761 3773 ministros
787 3699 968 3786 ecclesiae,
989 3699 1070 3798 quia
1088 3724 1155 3788 uon
1173 3698 1274 3772 habet

158 3838 219 3910 pro
244 3815 385 3906 materia
411 3831 443 3907 et
469 3816 574 3890 forma
600 3815 668 3888 nisi
695 3830 804 3904 actum
831 3815 1197 3914 suscipientis2(2tl).»·

230 4001 280 4065 (rt)
294 4001 332 4052 ct.
346 4005 446 4052 Scotum
461 4002 519 4053 dist.
532 4009 570 4052 26.
581 4003 675 4064 quaest.
688 4000 761 4050 unica
775 4002 882 4051 tnme.
891 4005 976 4064 past.
985 3999 1145 4050 PetnLomb.
1162 3998 1220 4050 dist
1232 4002 1270 4050 27.

156 4079 179 4141 §.
189 4085 211 4130 3.
223 4083 261 4130 De
269 4095 394 4133 consensa
405 4085 452 4147 qut
461 4074 550 4144 efficit
558 4080 788 4133 matrtmeaaor.
798 4096 852 4144 pag.
865 4074 945 4137 tlte.
954 4082 1040 4132 Thom.
1054 4080 1085 4131 ad
1095 4080 1200 4131 distat.
1211 4094 1236 4142 q.
1249 4089 1271 4131 t.

157 4161 204 4210 art.
218 4168 241 4212 2.
253 4162 285 4212 ad
298 4170 320 4212 2,

231 4241 282 4305 (ts)
298 4247 344 4294 An.
359 4248 428 4295 1450.

231 4322 281 4386 (ts)
297 4325 354 4384 rag.
370 4330 421 4374 159.
434 4325 481 4373 cot.
496 4331 514 4374 t,
