2872 5062
336 361 404 413 cur.
426 363 474 413 nr.
495 363 535 412 ou
561 361 692 414 uruntur.
715 344 1027 413 autumentur.
1049 364 1093 414 rv.
1197 344 1265 417 333

156 481 224 554 lica
244 479 390 554 ecclesia
415 481 463 553 uti
490 482 623 579 spurios
642 507 681 554 ae
699 479 821 555 nothos
842 480 1001 554 declarat.
1023 481 1065 555 Et
1081 482 1172 580 quod
1190 509 1269 558 con-

156 622 304 695 sequens
333 611 413 685 est,
446 611 635 669 tenerentur
665 597 699 668 in
729 596 851 670 iisdem
882 622 1062 694 agnoscere
1093 597 1269 696 privilegia

157 712 283 799 omnia,
300 711 424 810 quibus
439 711 482 785 ab
495 712 639 786 ecclesia
651 713 841 811 privantur,
858 739 1011 812 quaeque
1024 726 1133 786 tamen
1148 713 1268 812 iisdem

155 825 306 899 vindicat
327 826 401 914 lex,
425 826 506 898 dum
531 827 698 924 legitimas
724 828 873 900 decernit
899 828 1015 902 civiles
1042 829 1190 928 nuptias.

232 943 347 1041 ltaque
377 959 531 1041 respectu
560 960 629 1015 tum
654 944 834 1032 ecclesiae,
868 961 938 1017 tum
964 945 1168 1042 coniugum,
1199 961 1269 1018 tum·

158 1056 277 1155 prolis,
295 1072 365 1129 tum
379 1058 525 1158 denique
538 1059 661 1132 civium
675 1059 858 1133 universim
873 1074 1003 1132 constat
1014 1061 1152 1148 veritas,
1168 1088 1270 1162 quam

159 1173 434 1261 enunciavimus,
455 1174 612 1247 nimirum
626 1175 753 1272 legem,
770 1202 857 1275 quae
869 1176 932 1249 sub
951 1174 1114 1249 libertatis
1133 1176 1271 1251 obtentu

159 1286 275 1360 civilia
300 1287 496 1361 cohonestat
522 1288 696 1385 coniugia,
730 1288 765 1360 iu
790 1288 898 1386 legem
929 1290 1083 1363 desinere
1107 1305 1206 1366 verae
1230 1291 1269 1363 li-

158 1401 278 1474 bertati
307 1402 480 1476 inimicam
505 1417 606 1503 atque
631 1402 716 1476 adeo
742 1429 816 1476 esse
842 1405 1063 1503 tyrannicam¹

596 1633 759 1691 CAPUT
780 1634 846 1689 lv.

278 1802 324 1851 ou
350 1801 548 1853 insunuans
573 1802 631 1852 PRO
657 1803 736 1853 taso
761 1803 801 1853 DE
827 1801 1022 1852 utuntuottlo
1048 1803 1154 1853 ctvltl.

236 1983 418 2082 Postquam
446 1981 603 2079 coniugia
621 2008 660 2054 ac
678 1981 805 2078 legem,
827 2006 914 2081 quae
931 1983 1021 2055 circa
1039 2007 1079 2055 ea
1098 1996 1269 2069 versatur,

162 2097 227 2172 sub
244 2098 336 2171 omni
362 2112 515 2197 respectu
538 2097 779 2195 expendimus,
806 2096 981 2193 religioso,
1002 2096 1133 2184 ethico,
1155 2123 1195 2170 ac
1212 2123 1273 2196 po-

163 2211 277 2299 litico,
307 2226 408 2285 restat
432 2226 469 2283 ut
493 2226 689 2308 argumenta
721 2210 954 2298 excutiamus,
984 2209 1108 2311 quibus
1135 2237 1201 2283 non
1227 2212 1279 2285 ita

162 2325 295 2425 pridem
319 2324 471 2398 eiusdem
496 2325 581 2423 legis
608 2324 754 2398 lautores
789 2324 899 2397 adnisi
927 2339 1007 2397 sunt
1029 2350 1103 2397 eam
1129 2325 1275 2399 cohone-

164 2456 266 2513 stare.
296 2439 393 2525 Quod
418 2440 485 2513 nisi
511 2438 628 2514 sedulo
650 2454 880 2538 praestemuS,
902 2465 1060 2512 accusare
1077 2464 1139 2513 nos
1157 2440 1277 2514 merito

163 2571 304 2656 possent
319 2556 503 2656 adversarii
522 2582 622 2628 unam
641 2571 769 2629 tantum
790 2582 852 2629 nos
865 2556 1010 2638 audisse
1023 2569 1168 2654 partem,
1189 2582 1277 2629 rem-

165 2698 232 2772 que
262 2669 327 2743 sub
360 2697 429 2743 una
454 2680 582 2744 tantum
608 2672 694 2744 lacie
719 2688 907 2770 spectasse,
936 2698 975 2745 ac
1000 2672 1189 2771 neglexisse
1221 2701 1277 2746 ra-

167 2787 295 2860 tionum
317 2802 504 2874 momenta,
530 2786 654 2887 quibus
676 2787 701 2859 ii
714 2788 865 2888 permoti
885 2789 1018 2862 luerunt
1040 2788 1083 2861 ad
1103 2815 1176 2862 eam
1198 2816 1277 2888 pro-

167 2900 378 2974 movendam.
407 2900 630 2974 Dissimulare
656 2918 766 2975 autem
792 2901 1060 2976 adversariorum
1080 2917 1277 2998 argumenta

167 3043 234 3092 non
260 3033 313 3090 est
335 3043 376 3091 ea
397 3017 558 3091 refellere.

239 3133 289 3205 Ne
309 3158 388 3209 vero
405 3135 564 3231 aptiori,
585 3148 622 3206 ut
638 3135 752 3221 aiunt,
777 3132 874 3206 nobis
896 3132 1061 3206 eiusmodi
1083 3151 1277 3229 argumenta

168 3248 418 3346 confingamus,
446 3273 552 3348 eaque
576 3274 617 3320 ex
643 3275 731 3347 penu
757 3263 869 3321 nostro
894 3248 1150 3346 depromamus,
1177 3246 1278 3322 nobis

168 3362 420 3462 proposuimus
437 3363 555 3435 maiori
581 3388 649 3461 qua
675 3362 747 3434 fieri
775 3362 882 3462 potuit
915 3360 1092 3458 diligentia
1116 3388 1157 3435 ea
1182 3363 1279 3436 exhi-

169 3477 248 3552 bere
261 3503 302 3550 ex
315 3478 608 3572 discussionibus,
629 3479 769 3577 quaein
788 3476 976 3577 subalpinis
994 3478 1158 3566 comitiis,
1179 3495 1281 3579 atque

173 3593 207 3663 in
233 3591 415 3691 subalpina
441 3594 636 3693 praesertim
658 3609 776 3667 senatu
794 3584 931 3667 habitae
949 3610 1044 3683 sunt,
1064 3621 1138 3668 cum
1156 3594 1198 3668 de
1215 3594 1280 3668 hac

171 3706 245 3804 lege
280 3708 464 3784 sancienda
493 3724 655 3805 ageretur.
685 3709 795 3795 Quum
821 3708 911 3781 enim
940 3709 1129 3782 incredibili
1164 3710 1282 3796 ardore

171 3824 324 3923 quaestio
346 3825 430 3897 haec
455 3824 553 3896 luerit
573 3825 723 3921 agitata,
751 3825 937 3923 putandum
955 3840 1007 3898 est
1023 3825 1108 3922 legis
1132 3825 1281 3899 lautores

172 3956 369 4036 argumenta
401 3939 515 4012 omnia
544 3939 708 4014 validiora
739 3939 891 4013 attulisse
917 3941 988 4014 sive
1013 3940 1057 4012 ad
1081 3939 1281 4014 refellendos

173 4054 399 4141 adversarios,
421 4054 493 4127 sive
510 4054 552 4127 ad
571 4055 681 4154 ipsam
699 4055 806 4153 legem
824 4055 1092 4130 constituendam
1110 4081 1150 4128 ac
1167 4081 1282 4129 conso

173 4168 360 4243 lidandam.
391 4170 482 4243 Haec
507 4196 568 4244 nos
594 4170 737 4244 fideliter
764 4198 895 4272 semper
920 4197 981 4270 pro
1004 4169 1134 4246 viribus
1164 4170 1282 4244 affere-

175 4310 276 4373 mus,
307 4285 505 4384 plerumque
524 4284 662 4359 verbum
688 4284 789 4360 verbo
813 4286 1011 4372 reddemus,
1041 4313 1083 4359 nc
1107 4285 1282 4388 quidpiam
