2872 5062
175 375 1085 431 cin.1v.nxusm.am.nnu1n.satananumamsn.
1139 354 1208 427 1θὸ

99 532 103 541 ⁴
168 498 313 586 Quintus
339 496 631 584 ess'ltormisdan
651 496 749 568 cuins
773 494 876 570 uerba
899 494 991 594 apud
1017 494 1209 573 Gratianum

95 619 208 690 Cuneo
222 614 323 688 XXX.
339 640 398 713 qn.
417 617 450 684 b.
467 639 497 686 c.
515 616 550 685 2.
566 612 689 687 Nullas
706 610 828 710 fidelis,
849 611 934 685 baec
950 625 1040 686 sunt.
1061 609 1209 689 «Nullus

95 731 219 817 fidelis,
235 729 479 827 cuiuscumque
496 726 698 800 conditionis
717 726 776 813 sit,
797 727 916 799 occulto
933 725 1068 824 nuptias
1085 725 1206 801 faciat:

95 847 168 934 sed,
184 845 417 919 benedictione
433 861 570 943 accepta
582 870 604 916 a
616 842 807 928 secondom,
824 843 954 940 publice
970 841 1126 919 nubat'in
1143 843 1210 923 Do-

94 964 231 1037 mino.»
248 960 387 1034 Mirifice
411 960 542 1034 isthaec
566 957 763 1044 decretalis,
790 957 870 1031 dato
894 957 985 1057 quod
1010 957 1210 1038 Hermionae

93 1081 142 1154 sit
165 1084 248 1176 (est
269 1078 362 1151 enirn
395 1075 656 1176 supposititia),
692 1074 849 1174 patefacit
885 1074 1071 1161 nationem,
1104 1099 1209 1174 quam

94 1199 215 1299 quovis
240 1214 390 1296 tempore
414 1195 557 1268 eeclesia
573 1193 718 1291 exegerit
735 1192 1001 1267 benedictionem
1026 1191 1209 1270 sacerdotis

93 1310 276 1412 innuptiis
301 1311 503 1408 iungendis,
530 1337 574 1383 ne
599 1309 726 1383 scilicet
749 1309 886 1393 occulto,
916 1334 976 1382 seu
1000 1307 1209 1385 clandestino

92 1431 223 1503 darent.
238 1426 382 1500 .1doiroo
415 1453 525 1526 neque
550 1427 607 1499 bio
631 1441 739 1499 textus
765 1425 895 1524 aliquid
918 1424 1022 1499 efficit
1045 1451 1106 1524 pro
1130 1451 1209 1501 sen-

93 1545 199 1619 tentia
224 1540 329 1630 Cani,
357 1567 397 1615 ao
422 1558 597 1642 proptema
620 1542 846 1641 seponendus
859 1543 923 1636 (Ἴ).

164 1662 288 1734 Sextus
309 1676 364 1733 est
384 1658 554 1746 Isidem,
577 1660 677 1758 quem
695 1657 852 1755 allegant
870 1657 1054 1731 Gratianus
1065 1656 1128 1731 loo.
1145 1658 1204 1731 ait.

91 1799 168 1874 cap.
188 1777 223 1846 a.
240 1775 414 1848 Fueminoe
428 1771 494 1846 sub
511 1772 626 1846 titulo:
649 1772 758 1859 Quare
774 1774 934 1872 foeminae
949 1773 1113 1858 oolootnr,
1130 1772 1208 1849 dum

93 1892 313 1976 maritantem
340 1888 384 1962 de
408 1887 641 1962 benedictione
665 1914 743 1961 vero
768 1887 832 1961 boo
849 1887 884 1958 in
903 1885 1096 1961 tentn'nibil
1113 1887 1206 1963 aliud

93 2005 238 2080 babetur
268 2021 400 2105 praeter
424 2002 516 2077 baec¹
531 2003 650 2078 verba:
683 2003 881 2077 «Nubantes
907 2019 984 2102 post
1007 2002 1208 2078 benedictio·

93 2146 171 2195 nom
192 2122 276 2196 uitta
299 2122 442 2195 inuicem
464 2122 563 2220 quasi
584 2146 653 2194 uno
669 2120 803 2193 vinculo
820 2117 1033 2218 copulentur,
1053 2118 1208 2203 videlicet

92 2232 172 2312 ideo
189 2237 245 2325 fit,
266 2264 309 2311 nc
326 2263 520 2338 compagem
539 2236 724 2334 coniugalis
748 2235 887 2309 unitatis
910 2234 1100 2333 disrumpat
1114 2237 1203 2330 (8).»

92 2354 165 2426 Non
192 2353 318 2426 dicitur
339 2349 384 2426 ab
410 2349 537 2426 Isidoro
562 2352 753 2448 coniugium
780 2350 853 2422 beni
866 2376 927 2447 per
944 2348 1202 2436 benedictionem,

91 2468 151 2542 sod
169 2469 272 2543 unice
282 2464 447 2542 nubentes
465 2467 617 2566 accipere
633 2466 898 2540 benedictionem
913 2471 990 2564 post
998 2474 1205 2539 contractum

90 2578 305 2683 coniugium,
325 2585 415 2684 qnod
433 2610 531 2658 nemo
548 2598 658 2682 negat.
680 2584 722 2655 Ut
739 2582 868 2681 aliquid
885 2608 926 2654 ex
941 2581 997 2656 bis
1014 2580 1126 2656 uerbis
1144 2589 1205 2681 pm

92 2702 252 2799 opinione
268 2701 351 2774 Cani
367 2703 440 2774 erui
457 2717 584 2801 posset,
600 2699 736 2778 deberet
748 2699 880 2775 ostendi
897 2699 987 2773 banc
1002 2698 1207 2774 benedicta-

93 2844 171 2891 nem
187 2844 209 2890 a
225 2818 486 2892 sacerdota-dari
504 2818 547 2891 nd
564 2818 702 2917 nuptias
721 2818 815 2915 ipsas
832 2815 1066 2890 sacramentali
1078 2816 1206 2890 rationo

94 2931 297 3030 iungendas,
320 2933 410 3033 quod
436 2958 511 3005 cum
530 2959 595 3006 non
613 2931 794 3019 efficiatur,
815 2946 906 3030 patet
922 2948 955 3004 et
972 2931 1064 3004 huno
1079 2947 1204 3005 textum

93 3042 325 3147 seponendum
349 3041 438 3122 esse.
738 3048 741 3053 ’
765 3048 794 3111 ξ’

162 3163 334 3264 Septimus
349 3180 404 3238 est
418 3163 533 3238 Canon
544 3165 628 3236 xvl.
643 3189 738 3238 cono.
755 3162 1036 3260 carthaginiensis
1050 3163 1103 3234 lv.
1119 3161 1205 3236 rela-

93 3294 145 3352 tae
163 3306 184 3352 a
201 3274 359 3352 Gratiano
391 3278 500 3355 Conso
521 3278 620 3350 XXX.
640 3281 853 3378 qufbcap..
872 3279 1144 3377 &Spanum-fin
1164 3304 1205 3353 eo

91 3411 202 3469 antem
235 3395 283 3468 ita
314 3395 491 3469 statuitur:
522 3396 707 3493 «Sponsus
732 3409 766 3467 et
790 3394 937 3493 sponsa,¹
960 3421 1040 3469 cnm
1065 3395 1204 3469 benedi-

93 3511 189 3583 cendi
214 3526 297 3584 eunt
319 3536 341 3584 a
365 3511 556 3597 sacerdote,
576 3509 810 3609 aparentibus
832 3511 905 3583 suis
921 3510 1012 3584 uela
1028 3537 1205 3611 paranym

94 3625 172 3724 pbis
189 3626 386 3714 offerantur,
408 3627 559 3728 quicum
577 3626 771 3724 acceperint·
782 3617 1067 3712 benedictionem,
1085 3627 1203 3700 eadem

162 3866 198 3930 (7)
213 3867 330 3918 mm
339 3867 475 3919 anenno
484 3867 652 3931 aucupatus
661 3871 711 3930 eit,
724 3881 769 3920 neo
779 3868 912 3923 ullomodo
921 3867 1066 3922 Humanae
1074 3866 1152 3921 tribui
1160 3881 1203 3931 po·

96 3944 148 3995 test.
158 3945 198 3996 ct.
210 3945 310 3997 Boterdi
322 3945 348 3995 in
362 3959 404 4010 op.
414 3945 458 3999 cit.
472 3949 592 3998 Gratiam·
613 3949 729 3999 conones
748 3952 856 4012 pennam
875 3948 910 3998 ab
927 3947 1081 4012 apocmplttt
1099 3946 1207 4001 domu

94 4025 146 4074 Par.
152 4026 185 4074 11.
199 4025 350 4089 temtosp.
361 4028 447 4076 thx.
457 4028 495 4075 De
504 4025 655 4077 Hemoda.
664 4027 764 4078 Taurini
778 4030 847 4078 1754.
857 4040 912 4091 pag.
923 4030 980 4079 452.
1095 4032 1098 4037 ’

162 4104 198 4168 (a)
213 4106 296 4167 Atque
309 4104 351 4155 bic
364 4104 531 4156 adnotandum
545 4107 640 4156 acano
650 4107 772 4157 Isidorum
786 4108 903 4159 coltocari
916 4120 973 4157 cum
989 4106 1100 4156 Evarnto
1108 4107 1204 4157 etflor-

94 4183 180 4235 misda.
192 4187 246 4235 lam
256 4196 315 4235 uoto
325 4185 435 4236 lddotuo
446 4184 576 4239 adducttur
587 4199 603 4239 t
613 4188 730 4238 Gradena
742 4188 823 4239 aotam
833 4188 866 4239 ad
875 4201 929 4252 cap.
939 4190 994 4237 vn.
1002 4189 1151 4241 foeminae.
1159 4189 1202 4238 lst-

95 4263 147 4313 dort
164 4276 241 4328 porro
255 4265 340 4315 tantus
357 4263 500 4328 uonna·
511 4268 551 4317 ut
565 4279 595 4317 ox
611 4266 849 4329 bethmamatis
860 4279 916 4330 aaa.
926 4271 978 4323 u
989 4265 1094 4329 oppod.
1105 4265 1201 4320 amiati

95 4346 336 4408 mssmffl
784 4372 787 4377 ’
902 4368 944 4377 ff
1194 4369 1201 4407 ι
