2872 5062
167 333 236 403 not
360 356 422 404 nn.
444 357 466 403 ι.
489 354 575 404 sacr.
596 355 727 403 annana.
749 355 787 402 nn
813 353 1067 402 asininarum.

234 474 349 570 ltaque
367 471 422 544 his
440 472 597 569 expensis
616 472 705 544 circa
723 470 821 542 civile
839 471 1042 543 connubium
1069 471 1133 543 sub
1152 473 1273 570 quovis

162 603 314 684 respectu
338 612 378 657 ex
405 602 515 657 mente
544 585 692 670 illorum,
727 601 842 657 contra
865 611 950 684 quos
976 585 1130 681 agimus,
1159 588 1274 683 negari

160 702 279 775 iterum
305 702 443 773 minime
469 717 577 800 potest
602 701 718 774 ciuiles
747 702 883 799 nuptias
914 701 957 772 ad
982 700 1129 773 familiae
1156 727 1196 774 ao
1221 729 1277 775 so-

159 818 290 890 cietatis
316 816 573 891 dissolutionem
599 815 745 889 tendere.

231 933 406 1033 Reliquum
425 950 491 1019 est,
512 949 548 1005 ut
569 959 622 1005 ras
645 932 722 1030 ipsa
744 933 992 1005 conficiaturex
1006 932 1278 1007 consideratione

160 1049 262 1148 prolis
288 1067 403 1136 ortae,
432 1065 488 1122 ant
508 1049 653 1121 oriturae
678 1076 718 1120 en
744 1048 909 1145 coniugiis
932 1047 1105 1134 civilibus;
1129 1065 1274 1146 praeter-

159 1165 275 1238 missis
294 1191 380 1264 qnae
406 1166 447 1238 de
473 1165 629 1262 religiosa
647 1191 686 1237 ao
704 1164 821 1236 morali
847 1164 997 1235 eiusdem
1025 1163 1150 1236 sobolis
1177 1164 1276 1238 insti-

158 1282 284 1355 tutione
308 1281 422 1379 paullo
447 1298 524 1354 ante
549 1281 907 1367 commemoravimus,
936 1295 1084 1352 nostram
1109 1281 1276 1352 converti-

159 1422 233 1468 mus
247 1398 461 1470 attentionem
476 1399 518 1470 ad
534 1397 725 1471 istiusmodi
742 1397 921 1470 liberorum
934 1396 1174 1468 conditionem.
1192 1396 1275 1468 Cum

157 1510 344 1586 consensus
357 1540 377 1585 a
389 1513 663 1586 contrahentibus
681 1513 852 1586 exhibitus
866 1539 977 1585 coram
992 1511 1062 1584 solo
1078 1512 1277 1608 magistratu

159 1628 248 1702 civili
267 1628 310 1700 ad
330 1628 554 1701 exclusionem
573 1628 746 1715 ecclesiae,
764 1627 889 1699 nullius
908 1653 1045 1726 prorsus
1065 1626 1191 1699 valoris
1210 1627 1271 1712 sit,

159 1769 220 1816 nec
245 1743 380 1841 proprie
399 1744 524 1816 dictum
549 1758 756 1816 contractum
782 1742 991 1839 coniugalem
1016 1741 1165 1827 efficiat,
1194 1741 1277 1814 isto-

160 1884 233 1930 rum
261 1859 322 1930 filii
349 1876 445 1932 erunt
471 1859 608 1933 totidem
627 1859 735 1958 spurii
754 1885 795 1931 ao
812 1858 994 1956 illegitimi,
1016 1858 1119 1956 idque
1136 1884 1203 1930 non
1222 1883 1276 1930 so-

159 1973 228 2046 lum
254 2002 366 2049 coram
387 1975 550 2063 ecclesia,
573 1975 751 2048 sedetiam
778 1990 930 2072 respectu
954 1973 1064 2072 ipsius
1091 1973 1271 2047 societatis.

159 2091 208 2163 De
234 2090 377 2164 ecclesia
398 2118 464 2164 non
491 2107 564 2178 est,
593 2091 683 2191 quod
708 2091 918 2177 dubitemus;
944 2089 1055 2189 quoad
1082 2090 1275 2162 societatem

158 2206 257 2279 facile
289 2207 486 2280 ostenditur.
517 2209 599 2278 Nam
631 2207 708 2279 licet
736 2206 820 2303 legis
853 2205 886 2278 vi
921 2203 1019 2278 civile
1049 2204 1200 2300 regimen
1230 2204 1274 2276 ita

159 2338 348 2420 procreatos
376 2322 464 2395 filios
489 2338 617 2420 spectet
641 2338 811 2420 tamqnam
837 2319 1020 2416 legitimos,
1053 2317 1273 2391 nihilominus

158 2435 301 2535 populus
324 2437 527 2511 christianus
550 2463 608 2510 eos
630 2463 762 2535 semper
773 2463 813 2509 ac
826 2435 945 2532 iugiter
958 2434 1006 2507 uti
1020 2433 1153 2533 spurios
1171 2432 1274 2507 habe

157 2549 225 2636 bit,
256 2565 370 2648 utpote
393 2550 436 2622 ab
457 2550 632 2647 illegitimo
653 2565 723 2623 toro
746 2565 858 2637 ortos,
879 2575 940 2622 seu
957 2575 977 2620 a
994 2549 1175 2633 fornicaria
1197 2574 1274 2622 con-

158 2665 327 2737 iunctione
352 2666 557 2765 progenitos.
588 2668 778 2764 Numquam
804 2666 876 2739 sive
901 2664 954 2738 lex
980 2664 1052 2738 sive
1068 2663 1272 2762 -gubernium

157 2779 200 2852 ab
226 2780 290 2853 hac
315 2781 520 2878 turpitudine
544 2808 602 2855 eos
631 2781 808 2885 absterget.
842 2782 947 2854 Insita
978 2807 1018 2853 ea
1042 2797 1095 2853 est
1123 2781 1272 2879 ipsorum

158 2895 279 2992 origini
308 2912 341 2968 et
366 2896 400 2968 in
432 2898 600 2969 communi
627 2897 801 2970 hominum
828 2924 931 2970 sensu
957 2911 988 2969 et
1010 2897 1045 2969 in
1069 2897 1280 2970 conscientia,

159 3011 441 3101 christianorum,
469 3040 556 3112 quae
582 3014 781 3112 cuicumque
805 3013 972 3085 humanae
996 3012 1063 3110 legi
1090 3012 1269 3110 praevalet.

158 3127 250 3199 Haec
272 3145 381 3201 autem
408 3129 495 3201 inter
519 3127 685 3225 legitimos
707 3146 807 3226 atque
825 3127 1018 3224 illegitimos
1036 3126 1197 3201 discretio
1213 3125 1274 3199 mi-

158 3270 230 3315 rum
252 3261 305 3316 est
324 3273 423 3344 quem
450 3246 612 3318 influxum
639 3244 674 3316 in
701 3244 894 3318 societatem
921 3260 1083 3317 exerceat.

230 3359 366 3433 Accedit
392 3360 530 3459 quodsi
550 3360 716 3433 eiusmodi
744 3360 805 3431 filii
829 3360 951 3432 luerint
977 3386 1016 3432 ex
1044 3358 1179 3432 diverso
1204 3374 1272 3431 toro

158 3475 245 3561 nati,
267 3477 432 3575 quaedam
453 3478 615 3551 intereos
632 3493 751 3577 suapte
778 3492 897 3548 natura
920 3475 1045 3549 oriatur
1063 3473 1268 3573 antipathia,

156 3616 258 3688 quam
273 3606 410 3675 vocant,
432 3617 493 3663 seu
510 3589 614 3662 animi
637 3589 789 3678 aversio,
811 3616 898 3689 quae
916 3616 982 3662 non
1002 3613 1076 3661 raro
1094 3586 1273 3660 sucorescit

156 3722 256 3807 atque
282 3707 317 3778 in
342 3723 456 3806 aperta
476 3707 555 3780 odia
579 3707 748 3805 erumpit,
777 3707 824 3780 ita
850 3722 886 3778 ut
910 3706 1052 3778 invicem
1079 3730 1156 3777 sese
1181 3729 1272 3777 aver-

156 3839 284 3896 sentur.
304 3822 452 3920 Augetur
468 3839 579 3895 autem
597 3823 719 3894 mirum
737 3823 773 3893 in
790 3822 926 3895 modum
945 3846 1049 3919 prava
1069 3819 1156 3893 haec
1171 3817 1271 3892 animi

156 3937 356 4036 dispositio,
377 3938 435 4010 ubi
454 3937 565 4035 agitur
582 3937 624 4009 da
642 3937 798 4010 adeunda
818 3934 1025 4009 haereditate
1047 3934 1121 4006 sive
1137 3948 1272 4034 paterna

157 4054 228 4126 sive
253 4071 414 4127 materna.
436 4053 522 4124 Hinc
544 4052 619 4125 lites
639 4053 733 4149 iuges
753 4052 913 4126 intereos
931 4065 1137 4124 enascuntur
1154 4065 1272 4142 etauc-

155 4182 332 4256 crescunt,
371 4194 458 4268 quae
493 4167 622 4240 nullum
648 4185 684 4240 ut
714 4168 894 4267 plurimum
930 4166 1061 4240 felicem
1092 4165 1272 4238 sortiuntur

155 4283 291 4356 exitum.
321 4282 446 4359 Omnes
465 4283 552 4359 inter
569 4281 756 4379 simultates
781 4280 979 4357 adolescunt
994 4298 1028 4354 et
1045 4278 1128 4353 odia
1144 4295 1267 4359 mutua,
