2872 5062
165 380 234 449 182
382 400 444 450 nra.
466 399 488 447 r.
509 398 597 448 secr.
618 398 641 447 r.
663 398 703 447 nn
720 399 852 449 rrrnru.
873 397 1087 449 stomuenro.

166 518 272 604 illud,
295 516 384 616 quod
411 517 446 588 in
472 516 614 591 ecclesia
635 532 672 591 ut
695 516 766 590 veri
791 515 938 589 nominis
962 533 1210 592 sacramentum
1228 520 1286 592 adr

162 631 366 707 mittebatur.
388 632 437 705 Ex
464 657 531 730 qno
557 645 648 731 patet
672 657 730 704 eos
756 631 805 705 uti
831 647 1078 705 sacramentum
1102 632 1286 708 admisisse

162 749 356 846 coniugium
373 748 639 835 clandestinum5
656 747 692 819 in
705 773 774 846 quo
787 746 877 820 idem
891 763 944 820 est
960 762 1153 821 contractus
1170 772 1212 823 ac
1228 776 1285 824 sas

162 880 390 952 crementum,
411 889 488 938 cnm
507 863 601 936 nulla
618 863 652 935 in
670 889 709 936 eo
728 862 943 937 intervenerit
954 862 1125 937 ¹ecclesiae
1136 890 1199 938 seu
1217 866 1282 938 mi-

162 982 342 1055 nistrorum
369 979 442 1052 eius
467 979 567 1052 actio.

234 1095 387 1194 ldipsum
405 1094 623 1168 confirmatur
647 1121 688 1168 er
713 1119 830 1167 eorum
850 1093 1169 1194 sollicitudine‚·qui
1187 1120 1286 1169 care

160 1212 241 1284 bant
266 1237 309 1283 ne
339 1208 423 1283 tales
450 1209 602 1284 occultae
633 1208 890 1283 coniunctiones
920 1209 1063 1296 fierent;
1090 1209 1214 1283 err-inde
1236 1225 1287 1287 tot

161 1325 417 1400 constitutiones
446 1342 480 1399 et
508 1352 655 1400 canones
690 1324 886 1425 prodierunt
914 1324 958 1398 ad
992 1331 1051 1397 eas
1086 1324 1282 1413 retendens

160 1441 281 1515 exinde
306 1441 407 1517 etiam
431 1456 560 1515 tantum
582 1442 732 1540 ipsorum
757 1439 906 1513 studium
923 1439 1162 1540 intollerandis'
1180 1439 1284 1515 bene·

160 1557 320 1632 dictionis
332 1555 552 1631 sacerdotalis
567 1555 745 1643 lruotibuS,
762 1555 799 1627 in
812 1555 966 1651 augendo
976 1555 1134 1628 exteriori
1148 1556 1285 1654 nuptiae

161 1699 235 1743 rum
262 1673 329 1746 ritu
355 1688 387 1745 et
413 1687 600 1771 apparatu,
629 1685 668 1743 ut
691 1672 738 1743 ita
763 1671 872 1766 magis
898 1668 1017 1744 fideles
1042 1663 1218 1744 allicerent
1240 1672 1284 1745 ad

160 1785 225 1860 hoc
259 1786 514 1886 suscipiendum
539 1781 616 1873 cum
640 1783 788 1858 uberiori
822 1784 934 1858 lruotu
966 1794 1213 1859 sacramentum
1238 1785 1283 1859 ob

159 1901 307 1974 debitam
329 1928 410 1999 erga
433 1900 611 1976 ecclesiam
629 1899 870 1988 obedientiam,
891 1922 930 1973 ac
948 1901 978 1973 si
995 1926 1095 2000 secus
1113 1901 1279 1989 facerent,

161 2017 225 2089 etsi
243 2033 489 2091 sacramentnm
507 2018 736 2117 susciperent,
756 2015 907 2089 eiusdem
924 2031 1036 2090 tamen
1049 2017 1162 2114 ¹gratia
1178 2016 1282 2092 dane

163 2146 344 2205 tuerentur.
570 2141 572 2145 '
1036 2194 1039 2199 .

232 2248 360 2321 Sensus
385 2263 558 2346 praeterea
582 2246 792 2347 antiquitatis
815 2245 1064 2321 ecclesiasticae
1086 2245 1152 2320 hac
1173 2273 1281 2348 super

160 2389 195 2435 re
213 2361 339 2437 clarius
357 2363 471 2437 adhuc
488 2378 580 2463 patet
596 2389 637 2435 ex
654 2379 788 2462 patrum
810 2362 932 2459 agendi
955 2363 1091 2436 ratione
1110 2362 1201 2436 circa
1225 2366 1281 2437 sen

161 2476 293 2552 eundae
311 2504 351 2551 nc
367 2477 543 2552 ulteriores
563 2478 699 2578 nuptias
716 2479 874 2551 defuncto
887 2477 992 2577 priori
1006 2477 1164 2575 coniugess
1176 2479 1282 2551 Numa

161 2618 262 2691 quam
289 2593 355 2693 ipsi
382 2594 592 2668 affirmarunt
616 2621 721 2668 novas
738 2593 801 2667 has
820 2594 956 2694 nuptias
977 2596 1093 2668 verum
1117 2595 1281 2673 norisesec
1317 2602 1320 2608 ’

158 2706 306 2802 coniugii
337 2723 594 2780 sacramentum.
625 2709 746 2780 Verum
774 2735 851 2781 cum
876 2735 934 2781 eas
959 2708 1072 2781 minus
1098 2708 1281 2807 probarent

159 2821 203 2894 ob
223 2823 405 2921 quamdam
424 2822 687 2896 incontinentiae
711 2823 972 2923 labemffiquam
995 2823 1044 2896 ite
1068 2824 1280 2899 contraben-

160 2935 250 3011 tibus'
267 2937 343 3011 sibi
367 2938 481 3011 videre
506 2938 571 3011 visi
598 2953 693 3025 sunt,
721 2937 786 3013 has
811 2937 970 3038 nuptias,
991 2955 1028 3013 ut
1038 2959 1114 3012 suo.
1131 2939 1209 3014 loco·
1228 2939 1280 3014 ria

158 3050 289 3140 dimus,
327 3068 360 3125 et
390 3053 605 3127 coronatione
638 3069 670 3127 et
702 3052 935 3128 benedictione
960 3050 1176 3153 ''privarunt',
1189 3041 1279 3130 setsi

157 3191 269 3240 coram
294 3167 437 3242 ecclesia
471 3167 729 3242 celebrarentur.
758 3169 881 3269 Sicque
912 3171 1130 3245 ostenderunt
1166 3170 1280 3250 secra*

157 3298 305 3354 mentum
336 3308 397 3381 per
424 3297 631 3357 contractum
655 3284 798 3358 confici(
961 3289 965 3295 ’
1037 3288 1040 3293 ’
1185 3284 1190 3293 ’
1227 3310 1229 3314 ⁴

175 3469 178 3472 ,
230 3397 271 3470 Ut
288 3413 391 3494 patet,
413 3407 610 3496 argumenta
634 3399 694 3472 illa
718 3399 851 3487 omnia,
875 3398 1058 3500 quibusex
1077 3400 1279 3500 antiquitate

158 3510 368 3585 ostendimus
400 3514 636 3588 contrahentes
668 3515 832 3588 creditos
846 3515 1046 3589 sacramenti
1068 3517 1276 3591 matrimonii

158 3625 355 3714 ministros,
384 3628 501 3702 eadem
526 3646 628 3717 sunt,
657 3657 746 3729 quae
770 3631 944 3718 evincunt,
973 3632 1118 3706 maiores
1143 3632 1277 3708 nostros

158 3760 266 3816 ratum
284 3743 455 3842 fixumque
475 3743 637 3818 babuisse
654 3753 756 3818 unam
776 3746 1083 3847 eamdemque'rem
1099 3748 1181 3821 esse
1197 3746 1276 3823 eon-¹

157 3873 299 3955 tractum
311 3873 345 3931 et
356 3875 605 3934 sacramentum
620 3860 656 3932 in
674 3860 934 3936 christianorum
952 3862 1098 3962 nuptiali
1117 3863 1273 3950 taedam

157 3975 230 4048 sire
255 3973 320 4047 hae
345 3976 483 4074 nuptiae
506 3992 723 4063 ornarentur,
745 3977 817 4051 sire
833 3978 1275 4053 destituerenturexteriori

157 4091 281 4164 rituum
307 4090 413 4164 lorma
438 4107 471 4166 et
495 4108 672 4192 apparatu.

229 4205 353 4280 luverit
385 4232 474 4284 nnnc
512 4205 604 4282 aliud
634 4224 868 4306 argumentum
897 4209 1044 4283 adiicere
1069 4235 1137 4309 quo
1163 4209 1273 4306 magis

156 4319 367 4419 antiquitatis
393 4349 514 4397 sensus
539 4323 728 4399 innotescat
752 4325 795 4398 ad
822 4353 890 4399 ram
917 4316 1066 4401 nostram
1093 4312 1272 4400 conficien-
