2872 5062
284 367 353 415 car.
369 366 393 415 r.
411 365 452 415 nn
465 364 596 417 atrata.
613 366 726 417 crvrurs
739 365 875 416 aarum.
893 368 963 416 aar.
982 368 1026 418 vv.
1140 342 1210 416 tat

93 485 136 557 de
153 484 247 584 prole
264 482 446 556 imbuenda
467 481 641 580 religionis
665 482 872 557 christianae
887 483 1068 584 principiis
1090 510 1131 557 ac
1149 483 1211 558 bo·

94 600 148 673 nis
175 598 325 672 moribus
347 623 427 670 cura
452 596 580 671 aritae
606 595 809 671 sollicitudo.
831 598 1012 697 Receptum
1039 615 1210 696 praeterea

93 729 144 787 est
169 713 323 802 allatum,
352 712 396 786 ad
423 712 509 787 alios
535 712 726 786 edocendos
753 711 888 811 longam
912 714 1003 786 viam
1028 739 1088 813 per
1112 738 1209 814 pras·

94 845 208 930 cepta,
233 829 368 903 brevem
386 855 462 903 esse
479 856 539 929 per
556 829 757 928 exemplum.
775 829 835 902 Ast
851 829 1018 904 eiusmodi
1037 828 1206 915 homines,

93 945 137 1018 de
158 944 283 1044 quibus
296 945 440 1043 agimus,
462 970 528 1018 non
546 961 633 1018 certe
650 944 784 1042 longam
805 972 865 1044 per
882 959 1079 1044 praecepta,
1105 943 1210 1017 multo

93 1085 172 1133 vero
194 1060 308 1133 minus
324 1058 459 1132 brevem
485 1086 544 1159 per
569 1059 757 1158 exemplum
776 1060 864 1133 viam
883 1074 995 1132 tarum
1017 1059 1060 1132 ad
1084 1057 1209 1133 liberos

94 1200 175 1248 suos
197 1190 285 1247 recta
308 1174 551 1249 informandos.
573 1174 770 1248 Istiusmodi
795 1174 903 1248 fictitii
934 1174 1095 1272 coniuges
1112 1176 1211 1276 peius

94 1314 198 1388 quarn
220 1314 241 1361 a
266 1315 350 1362 cane
379 1305 412 1362 et
437 1315 547 1387 angue
572 1315 592 1362 a
618 1289 849 1363 sacerdotibus
875 1289 1080 1375 abhorrent,
1111 1307 1144 1362 et
1166 1287 1210 1362 ab

94 1429 210 1477 eorum
230 1421 432 1504 conspeetu,
454 1405 513 1504 qui
534 1405 607 1479 sola
624 1405 814 1504 praesentia
831 1429 890 1478 eos
907 1403 1138 1478 indesinenter
1153 1429 1211 1476 ac-

93 1535 214 1592 cusant
237 1535 271 1592 et
299 1520 462 1592 damnant
486 1519 531 1592 ob
549 1519 748 1622 illegitimos
771 1517 896 1607 nexus,
923 1518 1049 1620 quibus
1070 1518 1213 1616 obligati

94 1650 184 1708 sunt.
209 1634 345 1736 Templa
363 1662 430 1710 non
449 1636 682 1735 frequentant,
707 1661 749 1709 ne
765 1632 1017 1710 molestioribus
1038 1635 1210 1708 conscien-

94 1750 161 1824 tiae
179 1750 325 1824 stimulis
351 1767 528 1849 angantur.
543 1750 641 1837 Quae
658 1764 735 1823 cum
752 1750 799 1824 ita
816 1773 854 1824 sa
872 1748 1039 1837 habeant,
1065 1747 1208 1848 quilibet

92 1888 132 1936 ex
158 1890 198 1937 se
223 1865 314 1938 novit
338 1856 505 1938 eiusmodi
526 1878 684 1964 parentes
710 1864 801 1936 baud
828 1889 929 1963 posse
953 1864 1016 1938 rite
1039 1890 1135 1937 suam
1155 1887 1210 1936 so

92 1977 202 2052 bolem
220 1979 408 2059 instituere.
426 1980 493 2053 Sed
510 2004 620 2079 neque
636 2005 698 2078 per
718 1978 804 2052 alios
824 1978 904 2051 buic
921 1977 1123 2076 gravissimo
1139 2003 1210 2049 mu·

94 2093 166 2166 neri
199 2094 395 2168 satisfacere
426 2109 703 2180 consueverunt;
740 2121 817 2166 nam
844 2093 1090 2192 utplurimum
1117 2094 1210 2165 eius-

92 2209 183 2282 modi
207 2208 377 2307 genitores
397 2210 440 2283 ad
463 2209 691 2283 informandos
717 2208 841 2282 liberos
865 2232 947 2280 suos
967 2206 1002 2278 in
1022 2206 1152 2286 litteris,
1170 2231 1210 2277 ac

91 2323 190 2398 bonis
208 2325 338 2399 artibus
356 2327 537 2424 magistros
555 2323 730 2397 liberiores
750 2349 792 2396 ac
808 2322 1015 2420 irreligiosos
1034 2320 1210 2393 adsiscunt

92 2440 158 2513 sibi
176 2440 323 2530 similes;
339 2442 493 2517 doctores
512 2442 618 2515 laicos
636 2456 844 2538 anteponunt
856 2438 1001 2526 clericis,
1016 2462 1103 2536 quos
1116 2461 1211 2508 aver-

92 2571 210 2630 santur
234 2582 273 2630 ac
295 2557 373 2631 odio
400 2573 660 2658 prosequuntur.

159 2671 256 2759 'Quid
275 2699 374 2772 porro
393 2699 433 2746 ex
455 2673 622 2747 eiusmodi
645 2671 856 2745 institutione
880 2669 1127 2744 obveniendum
1145 2669 1206 2754 sit,

93 2785 234 2861 diilicile
256 2814 325 2862 non
350 2805 402 2863 est
427 2789 613 2877 coniicere,
640 2789 741 2862 immo
766 2803 799 2861 et
824 2787 1009 2889 pervidere.
1034 2782 1209 2885 Siquidem

92 2900 200 2975 semel
216 2926 255 2976 ac
271 2905 430 2978 iuvenum
448 2906 553 2979 animi
572 2905 692 2977 imbuti
711 2905 834 2978 luerint
859 2901 1059 3002 perniciosis
1085 2899 1210 2973 doctri·

92 3017 167 3105 nis3
189 3042 264 3092 oum
281 3019 318 3091 in·
334 3021 567 3094 incredulitate
583 3020 804 3106 adoleverint;
826 3044 905 3092 cum
917 3016 1119 3114 'religionem
1133 3039 1211 3087 eon·

92 3149 279 3210 temnentes
296 3162 336 3209 ac
353 3151 545 3209 aversantes
571 3135 736 3210 creverint
761 3136 794 3206 in
822 3134 880 3206 illa
906 3131 1026 3205 aetatis
1052 3129 1205 3229 periodo,

91 3248 125 3320 in
151 3274 221 3349 qua
244 3250 328 3324 vitia
352 3251 495 3348 gliscere
519 3251 705 3349 incipiunt3
729 3250 764 3320 in
790 3275 858 3348 qua
880 3246 1083 3347 cupiditates
1104 3245 1210 3318 vabe-

92 3364 239 3437 mentiu's
262 3365 461 3438 evolvuntur
477 3389 517 3438 ac
534 3363 666 3451 lurunt;
690 3365 725 3435 in
744 3390 812 3464 qua
837 3360 1007 3436 temeritas
1025 3385 1066 3432 ac
1083 3358 1209 3432 mentis

91 3476 211 3551 levitas
236 3480 451 3577 potissimum
472 3479 643 3566 obtinent;
665 3479 700 3551 in
718 3507 786 3580 qua
802 3477 1031 3579 experientiae
1055 3474 1208 3549 delectus

91 3616 149 3666 eos
175 3593 317 3693 impellit
339 3594 382 3666 ad
407 3594 574 3695 quidlibet
600 3595 808 3681 audendum;
830 3595 865 3666 in
883 3620 952 3693 qua
969 3590 1130 3666 sensibus
1149 3615 1210 3690 po-

91 3707 159 3781 tins
185 3734 287 3807 quam
315 3726 423 3782 rectae
448 3710 588 3784 rationis
616 3709 718 3782 ductu
743 3725 924 3806 reguntur3
952 3706 1205 3788 adolescentes,

91 3822 252 3921 inquam,
282 3824 330 3896 ita
355 3825 498 3899 instituti
523 3823 669 3897 evadent
700 3825 867 3923 protervi,
897 3823 1061 3906 audaces,
1090 3820 1210 3891 immo=

91 3937 212 4035 rigari,
241 3938 473 4038 impudentes,
500 3954 601 4039 atque
615 3940 650 4011 in
664 3966 765 4012 omne
781 3939 900 4012 vitium
919 3937 1038 4021 allusi,
1058 3934 1209 4033 pessima

89 4053 220 4128 scilicet
244 4054 378 4129 soboles
403 4083 422 4129 a
448 4055 547 4130 malis
574 4055 769 4156 parentibus
795 4056 919 4153 genita.

163 4170 259 4255 Quae
275 4196 354 4243 vero
372 4171 428 4243 bic
446 4171 654 4246 affirmamus
674 4198 740 4246 non
758 4176 792 4243 in
812 4171 929 4245 ordine
950 4182 1076 4240 tantum
1106 4165 1208 4237 ideali

88 4284 300 4372 consistunt,
331 4287 429 4385 quasi
464 4303 617 4384 ageretur
643 4289 686 4361 de
711 4288 842 4361 theoria
874 4315 894 4359 a
924 4282 1052 4384 priori,
1084 4282 1142 4356 aad
1173 4282 1208 4352 in
