<?xml version="1.0" encoding="UTF-8"?>
<!DOCTYPE html PUBLIC "-//W3C//DTD XHTML 1.0 Transitional//EN"
    "http://www.w3.org/TR/xhtml1/DTD/xhtml1-transitional.dtd">
<html xmlns="http://www.w3.org/1999/xhtml" xml:lang="en" lang="en">
 <head>
  <title>
</title>
<meta http-equiv="Content-Type" content="text/html;charset=utf-8" />
  <meta name='ocr-system' content='tesseract 3.04.00' />
  <meta name='ocr-capabilities' content='ocr_page ocr_carea ocr_par ocr_line ocrx_word'/>
</head>
<body>
  <div class='ocr_page' id='page_1' title='image "./dematrimoniochr00perrgoog_0441.png"; bbox 0 0 2872 5062; ppageno 0'>
   <div class='ocr_carea' id='block_1_1' title="bbox 231 318 1125 394">
    <p class='ocr_par' dir='ltr' id='par_1_1' title="bbox 231 318 1125 394">
     <span class='ocr_line' id='line_1_1' title="bbox 231 318 1125 394; baseline -0.006 0"><span class='ocrx_word' id='word_1_1' title='bbox 231 318 298 394; x_wconf 70' lang='lat'>422</span> <span class='ocrx_word' id='word_1_2' title='bbox 420 341 482 394; x_wconf 84' lang='lat' dir='ltr'>nm.</span> <span class='ocrx_word' id='word_1_3' title='bbox 503 342 527 393; x_wconf 86' lang='grc' dir='ltr'>ι.</span> <span class='ocrx_word' id='word_1_4' title='bbox 548 339 634 393; x_wconf 85' lang='lat' dir='ltr'>anor.</span> <span class='ocrx_word' id='word_1_5' title='bbox 654 340 785 392; x_wconf 79' lang='lat' dir='ltr'>rursm.</span> <span class='ocrx_word' id='word_1_6' title='bbox 806 341 847 391; x_wconf 85' lang='lat' dir='ltr'>na</span> <span class='ocrx_word' id='word_1_7' title='bbox 863 340 995 393; x_wconf 79' lang='lat' dir='ltr'>nurus.</span> <span class='ocrx_word' id='word_1_8' title='bbox 1017 339 1125 393; x_wconf 82' lang='lat' dir='ltr'>orrur.</span> 
     </span>
    </p>
   </div>
   <div class='ocr_carea' id='block_1_2' title="bbox 212 458 1336 4357">
    <p class='ocr_par' dir='ltr' id='par_1_2' title="bbox 221 458 1336 2053">
     <span class='ocr_line' id='line_1_2' title="bbox 226 458 1333 564; baseline -0.003 -28"><span class='ocrx_word' id='word_1_9' title='bbox 226 461 358 564; x_wconf 90' lang='lat' dir='ltr'>placeat</span> <span class='ocrx_word' id='word_1_10' title='bbox 386 459 488 534; x_wconf 89' lang='lat' dir='ltr'>aliam</span> <span class='ocrx_word' id='word_1_11' title='bbox 513 459 653 535; x_wconf 88' lang='lat' dir='ltr'>iormam</span> <span class='ocrx_word' id='word_1_12' title='bbox 677 460 898 560; x_wconf 79' lang='lat' dir='ltr'>praestituere</span> <span class='ocrx_word' id='word_1_13' title='bbox 921 458 1133 533; x_wconf 87' lang='lat' dir='ltr'>matrimonio</span> <span class='ocrx_word' id='word_1_14' title='bbox 1158 472 1333 557; x_wconf 87' lang='lat' dir='ltr'>tamquam</span> 
     </span>
     <span class='ocr_line' id='line_1_3' title="bbox 226 572 1335 673; baseline -0.004 -21"><span class='ocrx_word' id='word_1_15' title='bbox 226 576 429 664; x_wconf 87' lang='lat' dir='ltr'>contractui,</span> <span class='ocrx_word' id='word_1_16' title='bbox 448 602 525 650; x_wconf 91' lang='lat' dir='ltr'>cum</span> <span class='ocrx_word' id='word_1_17' title='bbox 542 575 705 650; x_wconf 89' lang='lat' dir='ltr'>eiusmodi</span> <span class='ocrx_word' id='word_1_18' title='bbox 723 575 833 650; x_wconf 83' lang='lat' dir='ltr'>civilis</span> <span class='ocrx_word' id='word_1_19' title='bbox 845 574 899 649; x_wconf 87' lang='lat' dir='ltr'>lex</span> <span class='ocrx_word' id='word_1_20' title='bbox 911 574 1011 648; x_wconf 85' lang='lat' dir='ltr'>luerit</span> <span class='ocrx_word' id='word_1_21' title='bbox 1023 572 1246 673; x_wconf 79' lang='lat' dir='ltr'>promulgata,</span> <span class='ocrx_word' id='word_1_22' title='bbox 1261 600 1335 648; x_wconf 92' lang='lat' dir='ltr'>ma-</span> 
     </span>
     <span class='ocr_line' id='line_1_4' title="bbox 226 686 1330 776; baseline -0.004 -10"><span class='ocrx_word' id='word_1_23' title='bbox 226 691 382 766; x_wconf 88' lang='lat' dir='ltr'>trimonia</span> <span class='ocrx_word' id='word_1_24' title='bbox 397 690 528 766; x_wconf 87' lang='lat' dir='ltr'>adeius</span> <span class='ocrx_word' id='word_1_25' title='bbox 541 716 691 764; x_wconf 89' lang='lat' dir='ltr'>normam</span> <span class='ocrx_word' id='word_1_26' title='bbox 713 688 879 764; x_wconf 90' lang='lat' dir='ltr'>celebrata</span> <span class='ocrx_word' id='word_1_27' title='bbox 903 704 984 763; x_wconf 88' lang='lat' dir='ltr'>sunt</span> <span class='ocrx_word' id='word_1_28' title='bbox 1002 714 1080 762; x_wconf 82' lang='lat' dir='ltr'>ocra</span> <span class='ocrx_word' id='word_1_29' title='bbox 1105 686 1330 776; x_wconf 89' lang='lat' dir='ltr'>matrimonia,</span> 
     </span>
     <span class='ocr_line' id='line_1_5' title="bbox 225 802 1334 908; baseline -0.004 -27"><span class='ocrx_word' id='word_1_30' title='bbox 225 807 381 908; x_wconf 84' lang='lat' dir='ltr'>quamvis</span> <span class='ocrx_word' id='word_1_31' title='bbox 406 831 473 880; x_wconf 93' lang='lat' dir='ltr'>non</span> <span class='ocrx_word' id='word_1_32' title='bbox 493 820 581 880; x_wconf 84' lang='lat' dir='ltr'>rote.</span> <span class='ocrx_word' id='word_1_33' title='bbox 605 806 694 880; x_wconf 89' lang='lat' dir='ltr'>Sane</span> <span class='ocrx_word' id='word_1_34' title='bbox 716 805 897 880; x_wconf 89' lang='lat' dir='ltr'>concilium</span> <span class='ocrx_word' id='word_1_35' title='bbox 922 804 1140 879; x_wconf 87' lang='lat' dir='ltr'>tridentinum</span> <span class='ocrx_word' id='word_1_36' title='bbox 1165 802 1260 876; x_wconf 88' lang='lat' dir='ltr'>illum</span> <span class='ocrx_word' id='word_1_37' title='bbox 1281 830 1334 877; x_wconf 90' lang='lat' dir='ltr'>co-</span> 
     </span>
     <span class='ocr_line' id='line_1_6' title="bbox 224 918 1336 1006; baseline -0.002 -12"><span class='ocrx_word' id='word_1_38' title='bbox 224 947 339 994; x_wconf 79' lang='lat' dir='ltr'>rtonam</span> <span class='ocrx_word' id='word_1_39' title='bbox 361 920 504 996; x_wconf 74' lang='lat' dir='ltr'>confecit</span> <span class='ocrx_word' id='word_1_40' title='bbox 527 920 571 994; x_wconf 92' lang='lat' dir='ltr'>ad</span> <span class='ocrx_word' id='word_1_41' title='bbox 595 919 766 994; x_wconf 74' lang='lat' dir='ltr'>vitandam</span> <span class='ocrx_word' id='word_1_42' title='bbox 790 918 1105 1006; x_wconf 86' lang='lat' dir='ltr'>clandestinitatem‚</span> <span class='ocrx_word' id='word_1_43' title='bbox 1126 942 1192 992; x_wconf 93' lang='lat' dir='ltr'>non</span> <span class='ocrx_word' id='word_1_44' title='bbox 1209 918 1336 992; x_wconf 84' lang='lat' dir='ltr'>creavit</span> 
     </span>
     <span class='ocr_line' id='line_1_7' title="bbox 225 1032 1332 1135; baseline 0 -27"><span class='ocrx_word' id='word_1_45' title='bbox 225 1034 370 1133; x_wconf 83' lang='lat' dir='ltr'>dogma,</span> <span class='ocrx_word' id='word_1_46' title='bbox 399 1059 509 1134; x_wconf 90' lang='lat' dir='ltr'>nequa</span> <span class='ocrx_word' id='word_1_47' title='bbox 532 1060 694 1109; x_wconf 90' lang='lat' dir='ltr'>canonem</span> <span class='ocrx_word' id='word_1_48' title='bbox 718 1034 921 1135; x_wconf 90' lang='lat' dir='ltr'>disciplinae</span> <span class='ocrx_word' id='word_1_49' title='bbox 952 1032 1241 1122; x_wconf 91' lang='lat' dir='ltr'>lundamentalis,</span> <span class='ocrx_word' id='word_1_50' title='bbox 1269 1033 1332 1108; x_wconf 86' lang='lat' dir='ltr'>sed</span> 
     </span>
     <span class='ocr_line' id='line_1_8' title="bbox 224 1147 1327 1250; baseline -0.001 -28"><span class='ocrx_word' id='word_1_51' title='bbox 224 1165 334 1224; x_wconf 87' lang='lat' dir='ltr'>uotum</span> <span class='ocrx_word' id='word_1_52' title='bbox 359 1148 465 1224; x_wconf 85' lang='lat' dir='ltr'>edidit</span> <span class='ocrx_word' id='word_1_53' title='bbox 489 1149 661 1250; x_wconf 88' lang='lat' dir='ltr'>proprium</span> <span class='ocrx_word' id='word_1_54' title='bbox 684 1147 796 1223; x_wconf 82' lang='lat' dir='ltr'>civilis</span> <span class='ocrx_word' id='word_1_55' title='bbox 820 1149 1055 1248; x_wconf 82' lang='lat' dir='ltr'>principatus,</span> <span class='ocrx_word' id='word_1_56' title='bbox 1077 1173 1119 1222; x_wconf 92' lang='lat' dir='ltr'>co</span> <span class='ocrx_word' id='word_1_57' title='bbox 1141 1163 1327 1236; x_wconf 86' lang='lat' dir='ltr'>annuente,</span> 
     </span>
     <span class='ocr_line' id='line_1_9' title="bbox 223 1263 1334 1365; baseline 0.002 -29"><span class='ocrx_word' id='word_1_58' title='bbox 223 1264 327 1339; x_wconf 91' lang='lat' dir='ltr'>immo</span> <span class='ocrx_word' id='word_1_59' title='bbox 338 1279 372 1339; x_wconf 90' lang='lat' dir='ltr'>et</span> <span class='ocrx_word' id='word_1_60' title='bbox 384 1264 586 1365; x_wconf 85' lang='lat' dir='ltr'>postulante.</span> <span class='ocrx_word' id='word_1_61' title='bbox 610 1264 695 1338; x_wconf 84' lang='lat' dir='ltr'>Cum</span> <span class='ocrx_word' id='word_1_62' title='bbox 719 1263 882 1364; x_wconf 80' lang='lat' dir='ltr'>placuerit</span> <span class='ocrx_word' id='word_1_63' title='bbox 905 1263 1128 1363; x_wconf 92' lang='lat' dir='ltr'>principatui,</span> <span class='ocrx_word' id='word_1_64' title='bbox 1147 1279 1260 1364; x_wconf 83' lang='lat' dir='ltr'>potest</span> <span class='ocrx_word' id='word_1_65' title='bbox 1275 1263 1334 1338; x_wconf 91' lang='lat' dir='ltr'>hic</span> 
     </span>
     <span class='ocr_line' id='line_1_10' title="bbox 224 1377 1327 1478; baseline -0.003 -24"><span class='ocrx_word' id='word_1_66' title='bbox 224 1394 371 1455; x_wconf 79' lang='lat' dir='ltr'>statuere</span> <span class='ocrx_word' id='word_1_67' title='bbox 394 1405 515 1456; x_wconf 80' lang='lat' dir='ltr'>nouam</span> <span class='ocrx_word' id='word_1_68' title='bbox 540 1379 743 1455; x_wconf 87' lang='lat' dir='ltr'>matrimonii</span> <span class='ocrx_word' id='word_1_69' title='bbox 769 1379 909 1454; x_wconf 80' lang='lat' dir='ltr'>sormam</span> <span class='ocrx_word' id='word_1_70' title='bbox 930 1377 996 1455; x_wconf 91' lang='lat' dir='ltr'>sub</span> <span class='ocrx_word' id='word_1_71' title='bbox 1015 1377 1179 1453; x_wconf 85' lang='lat' dir='ltr'>nullitatis</span> <span class='ocrx_word' id='word_1_72' title='bbox 1204 1404 1327 1478; x_wconf 88' lang='lat' dir='ltr'>poena.</span> 
     </span>
     <span class='ocr_line' id='line_1_11' title="bbox 224 1492 1332 1591; baseline 0 -23"><span class='ocrx_word' id='word_1_73' title='bbox 224 1492 322 1580; x_wconf 79' lang='lat' dir='ltr'>Quod</span> <span class='ocrx_word' id='word_1_74' title='bbox 348 1493 542 1568; x_wconf 87' lang='lat' dir='ltr'>huiusmodi</span> <span class='ocrx_word' id='word_1_75' title='bbox 572 1493 794 1569; x_wconf 82' lang='lat' dir='ltr'>matrimoniis</span> <span class='ocrx_word' id='word_1_76' title='bbox 820 1493 913 1568; x_wconf 85' lang='lat' dir='ltr'>iuxta</span> <span class='ocrx_word' id='word_1_77' title='bbox 937 1519 1087 1568; x_wconf 91' lang='lat' dir='ltr'>normam</span> <span class='ocrx_word' id='word_1_78' title='bbox 1112 1492 1220 1567; x_wconf 89' lang='lat' dir='ltr'>solius</span> <span class='ocrx_word' id='word_1_79' title='bbox 1244 1492 1332 1591; x_wconf 82' lang='lat' dir='ltr'>legis</span> 
     </span>
     <span class='ocr_line' id='line_1_12' title="bbox 225 1606 1334 1706; baseline 0.002 -26"><span class='ocrx_word' id='word_1_80' title='bbox 225 1606 336 1682; x_wconf 83' lang='lat' dir='ltr'>civilis</span> <span class='ocrx_word' id='word_1_81' title='bbox 369 1606 463 1681; x_wconf 87' lang='lat' dir='ltr'>initis</span> <span class='ocrx_word' id='word_1_82' title='bbox 487 1606 618 1682; x_wconf 89' lang='lat' dir='ltr'>adiecta</span> <span class='ocrx_word' id='word_1_83' title='bbox 642 1633 709 1682; x_wconf 92' lang='lat' dir='ltr'>non</span> <span class='ocrx_word' id='word_1_84' title='bbox 736 1608 780 1682; x_wconf 90' lang='lat' dir='ltr'>sit</span> <span class='ocrx_word' id='word_1_85' title='bbox 803 1607 951 1706; x_wconf 80' lang='lat' dir='ltr'>dignitas</span> <span class='ocrx_word' id='word_1_86' title='bbox 975 1606 1201 1696; x_wconf 88' lang='lat' dir='ltr'>sacramenti,</span> <span class='ocrx_word' id='word_1_87' title='bbox 1227 1606 1334 1683; x_wconf 86' lang='lat' dir='ltr'>elficit</span> 
     </span>
     <span class='ocr_line' id='line_1_13' title="bbox 225 1720 1328 1821; baseline 0.002 -28"><span class='ocrx_word' id='word_1_88' title='bbox 225 1737 263 1796; x_wconf 91' lang='lat' dir='ltr'>ut</span> <span class='ocrx_word' id='word_1_89' title='bbox 287 1747 328 1794; x_wconf 87' lang='lat' dir='ltr'>ea</span> <span class='ocrx_word' id='word_1_90' title='bbox 347 1721 417 1796; x_wconf 89' lang='lat' dir='ltr'>sint</span> <span class='ocrx_word' id='word_1_91' title='bbox 441 1722 652 1797; x_wconf 86' lang='lat' dir='ltr'>matrimonia</span> <span class='ocrx_word' id='word_1_92' title='bbox 676 1721 814 1821; x_wconf 90' lang='lat' dir='ltr'>quidem</span> <span class='ocrx_word' id='word_1_93' title='bbox 840 1721 1012 1820; x_wconf 86' lang='lat' dir='ltr'>legitima,</span> <span class='ocrx_word' id='word_1_94' title='bbox 1040 1720 1120 1795; x_wconf 90' lang='lat' dir='ltr'>licet</span> <span class='ocrx_word' id='word_1_95' title='bbox 1143 1747 1211 1796; x_wconf 92' lang='lat' dir='ltr'>non</span> <span class='ocrx_word' id='word_1_96' title='bbox 1235 1737 1328 1809; x_wconf 86' lang='lat' dir='ltr'>rata;</span> 
     </span>
     <span class='ocr_line' id='line_1_14' title="bbox 221 1834 1329 1936; baseline 0.002 -30"><span class='ocrx_word' id='word_1_97' title='bbox 221 1834 414 1910; x_wconf 90' lang='lat' dir='ltr'>nullatenus</span> <span class='ocrx_word' id='word_1_98' title='bbox 443 1853 555 1914; x_wconf 90' lang='lat' dir='ltr'>autem</span> <span class='ocrx_word' id='word_1_99' title='bbox 585 1837 840 1912; x_wconf 82' lang='lat' dir='ltr'>concubinatus.</span> <span class='ocrx_word' id='word_1_100' title='bbox 868 1837 919 1911; x_wconf 85' lang='lat' dir='ltr'>lld</span> <span class='ocrx_word' id='word_1_101' title='bbox 949 1836 1155 1911; x_wconf 76' lang='lat' dir='ltr'>soliditatem</span> <span class='ocrx_word' id='word_1_102' title='bbox 1179 1836 1329 1936; x_wconf 81' lang='lat' dir='ltr'>coniugii</span> 
     </span>
     <span class='ocr_line' id='line_1_15' title="bbox 222 1951 1229 2053; baseline 0.002 -30"><span class='ocrx_word' id='word_1_103' title='bbox 222 1976 290 2025; x_wconf 92' lang='lat' dir='ltr'>non</span> <span class='ocrx_word' id='word_1_104' title='bbox 317 1951 498 2051; x_wconf 86' lang='lat' dir='ltr'>requiritur</span> <span class='ocrx_word' id='word_1_105' title='bbox 520 1953 713 2029; x_wconf 86' lang='lat' dir='ltr'>necessario</span> <span class='ocrx_word' id='word_1_106' title='bbox 737 1952 884 2053; x_wconf 85' lang='lat' dir='ltr'>qualitas</span> <span class='ocrx_word' id='word_1_107' title='bbox 909 1952 1125 2028; x_wconf 87' lang='lat' dir='ltr'>sacramenti.</span> <span class='ocrx_word' id='word_1_108' title='bbox 1226 1968 1229 1974; x_wconf 85' lang='lat'>&#39;</span> 
     </span>
    </p>

    <p class='ocr_par' dir='ltr' id='par_1_3' title="bbox 220 2059 1332 2489">
     <span class='ocr_line' id='line_1_16' title="bbox 293 2059 1327 2168; baseline 0.005 -31"><span class='ocrx_word' id='word_1_109' title='bbox 293 2065 392 2140; x_wconf 89' lang='lat' dir='ltr'>Nulla</span> <span class='ocrx_word' id='word_1_110' title='bbox 422 2067 565 2143; x_wconf 83' lang='lat' dir='ltr'>habetur</span> <span class='ocrx_word' id='word_1_111' title='bbox 599 2070 652 2143; x_wconf 75' lang='lat' dir='ltr'>tea</span> <span class='ocrx_word' id='word_1_112' title='bbox 676 2059 748 2143; x_wconf 82' lang='lat' dir='ltr'>sive</span> <span class='ocrx_word' id='word_1_113' title='bbox 772 2068 889 2144; x_wconf 80' lang='lat' dir='ltr'>divina</span> <span class='ocrx_word' id='word_1_114' title='bbox 919 2069 1065 2166; x_wconf 86' lang='lat' dir='ltr'>(saltem</span> <span class='ocrx_word' id='word_1_115' title='bbox 1089 2067 1233 2168; x_wconf 81' lang='lat' dir='ltr'>allegata</span> <span class='ocrx_word' id='word_1_116' title='bbox 1258 2094 1327 2143; x_wconf 93' lang='lat' dir='ltr'>non</span> 
     </span>
     <span class='ocr_line' id='line_1_17' title="bbox 221 2179 1328 2284; baseline 0.003 -32"><span class='ocrx_word' id='word_1_117' title='bbox 221 2179 325 2276; x_wconf 80' lang='lat' dir='ltr'>tuit),</span> <span class='ocrx_word' id='word_1_118' title='bbox 345 2208 433 2282; x_wconf 89' lang='lat' dir='ltr'>quac</span> <span class='ocrx_word' id='word_1_119' title='bbox 453 2184 640 2284; x_wconf 89' lang='lat' dir='ltr'>praecipiat</span> <span class='ocrx_word' id='word_1_120' title='bbox 663 2209 865 2259; x_wconf 89' lang='lat' dir='ltr'>concursum</span> <span class='ocrx_word' id='word_1_121' title='bbox 890 2183 1091 2259; x_wconf 89' lang='lat' dir='ltr'>sacramenti</span> <span class='ocrx_word' id='word_1_122' title='bbox 1110 2183 1155 2257; x_wconf 92' lang='lat' dir='ltr'>ad</span> <span class='ocrx_word' id='word_1_123' title='bbox 1178 2183 1328 2258; x_wconf 84' lang='lat' dir='ltr'>valorem</span> 
     </span>
     <span class='ocr_line' id='line_1_18' title="bbox 220 2295 1332 2400; baseline 0.003 -30"><span class='ocrx_word' id='word_1_124' title='bbox 220 2295 380 2393; x_wconf 81' lang='lat' dir='ltr'>coniugii.</span> <span class='ocrx_word' id='word_1_125' title='bbox 407 2298 575 2373; x_wconf 87' lang='lat' dir='ltr'>Immerito</span> <span class='ocrx_word' id='word_1_126' title='bbox 599 2298 847 2374; x_wconf 88' lang='lat' dir='ltr'>matrimonium</span> <span class='ocrx_word' id='word_1_127' title='bbox 874 2301 1053 2400; x_wconf 73' lang='lat' dir='ltr'>lopitimum</span> <span class='ocrx_word' id='word_1_128' title='bbox 1076 2323 1154 2374; x_wconf 89' lang='lat' dir='ltr'>cum</span> <span class='ocrx_word' id='word_1_129' title='bbox 1169 2298 1332 2375; x_wconf 91' lang='lat' dir='ltr'>concubi·</span> 
     </span>
     <span class='ocr_line' id='line_1_19' title="bbox 220 2411 1267 2489; baseline 0.002 -5"><span class='ocrx_word' id='word_1_130' title='bbox 220 2424 302 2486; x_wconf 87' lang='lat' dir='ltr'>natu</span> <span class='ocrx_word' id='word_1_131' title='bbox 326 2411 553 2489; x_wconf 79' lang='lat' dir='ltr'>confunditur.</span> <span class='ocrx_word' id='word_1_132' title='bbox 1264 2426 1267 2432; x_wconf 88' lang='lat'>&#39;</span> 
     </span>
    </p>

    <p class='ocr_par' dir='ltr' id='par_1_4' title="bbox 218 2527 1330 2950">
     <span class='ocr_line' id='line_1_20' title="bbox 292 2527 1328 2630; baseline 0.006 -32"><span class='ocrx_word' id='word_1_133' title='bbox 292 2527 408 2626; x_wconf 87' lang='lat' dir='ltr'>Neque</span> <span class='ocrx_word' id='word_1_134' title='bbox 419 2553 499 2604; x_wconf 80' lang='lat' dir='ltr'>uero</span> <span class='ocrx_word' id='word_1_135' title='bbox 511 2527 646 2630; x_wconf 87' lang='lat' dir='ltr'>expedit</span> <span class='ocrx_word' id='word_1_136' title='bbox 658 2546 696 2604; x_wconf 93' lang='lat' dir='ltr'>ut</span> <span class='ocrx_word' id='word_1_137' title='bbox 707 2529 761 2603; x_wconf 84' lang='lat' dir='ltr'>lex</span> <span class='ocrx_word' id='word_1_138' title='bbox 777 2529 853 2629; x_wconf 88' lang='lat' dir='ltr'>ipsa</span> <span class='ocrx_word' id='word_1_139' title='bbox 869 2528 979 2604; x_wconf 85' lang='lat' dir='ltr'>civilis</span> <span class='ocrx_word' id='word_1_140' title='bbox 992 2528 1029 2603; x_wconf 92' lang='lat' dir='ltr'>in</span> <span class='ocrx_word' id='word_1_141' title='bbox 1042 2529 1198 2628; x_wconf 83' lang='lat' dir='ltr'>coniugio</span> <span class='ocrx_word' id='word_1_142' title='bbox 1215 2544 1328 2604; x_wconf 73' lang='lat' dir='ltr'>nomm</span> 
     </span>
     <span class='ocr_line' id='line_1_21' title="bbox 220 2639 1330 2746; baseline 0.005 -32"><span class='ocrx_word' id='word_1_143' title='bbox 220 2639 413 2739; x_wconf 82' lang='lat' dir='ltr'>religiosum</span> <span class='ocrx_word' id='word_1_144' title='bbox 442 2642 508 2718; x_wconf 92' lang='lat' dir='ltr'>sub</span> <span class='ocrx_word' id='word_1_145' title='bbox 535 2671 643 2743; x_wconf 82' lang='lat' dir='ltr'>poeno</span> <span class='ocrx_word' id='word_1_146' title='bbox 666 2645 831 2718; x_wconf 82' lang='lat' dir='ltr'>nullitotio</span> <span class='ocrx_word' id='word_1_147' title='bbox 861 2644 1099 2744; x_wconf 87' lang='lat' dir='ltr'>praescribat:</span> <span class='ocrx_word' id='word_1_148' title='bbox 1127 2661 1181 2720; x_wconf 89' lang='lat' dir='ltr'>ast</span> <span class='ocrx_word' id='word_1_149' title='bbox 1211 2661 1330 2746; x_wconf 89' lang='lat' dir='ltr'>peccat</span> 
     </span>
     <span class='ocr_line' id='line_1_22' title="bbox 218 2747 1329 2859; baseline 0.004 -29"><span class='ocrx_word' id='word_1_150' title='bbox 218 2756 336 2856; x_wconf 88' lang='lat' dir='ltr'>utiquc</span> <span class='ocrx_word' id='word_1_151' title='bbox 357 2756 564 2846; x_wconf 86' lang='lat' dir='ltr'>catholicus,</span> <span class='ocrx_word' id='word_1_152' title='bbox 585 2758 643 2859; x_wconf 92' lang='lat' dir='ltr'>qui</span> <span class='ocrx_word' id='word_1_153' title='bbox 662 2747 839 2836; x_wconf 85' lang='lat' dir='ltr'>contentus</span> <span class='ocrx_word' id='word_1_154' title='bbox 860 2760 1073 2836; x_wconf 84' lang='lat' dir='ltr'>matrimonio</span> <span class='ocrx_word' id='word_1_155' title='bbox 1093 2759 1264 2859; x_wconf 86' lang='lat' dir='ltr'>legitimo,</span> <span class='ocrx_word' id='word_1_156' title='bbox 1285 2759 1329 2834; x_wconf 90' lang='lat' dir='ltr'>il-</span> 
     </span>
     <span class='ocr_line' id='line_1_23' title="bbox 218 2873 618 2950; baseline 0.005 -5"><span class='ocrx_word' id='word_1_157' title='bbox 218 2873 277 2948; x_wconf 90' lang='lat' dir='ltr'>lud</span> <span class='ocrx_word' id='word_1_158' title='bbox 300 2888 409 2948; x_wconf 89' lang='lat' dir='ltr'>ratum</span> <span class='ocrx_word' id='word_1_159' title='bbox 435 2900 503 2950; x_wconf 89' lang='lat' dir='ltr'>non</span> <span class='ocrx_word' id='word_1_160' title='bbox 528 2874 618 2950; x_wconf 86' lang='lat' dir='ltr'>lacit.</span> 
     </span>
    </p>

    <p class='ocr_par' dir='ltr' id='par_1_5' title="bbox 214 2990 1327 3755">
     <span class='ocr_line' id='line_1_24' title="bbox 289 2990 1327 3092; baseline 0.005 -31"><span class='ocrx_word' id='word_1_161' title='bbox 289 2990 362 3065; x_wconf 88' lang='lat' dir='ltr'>Dici</span> <span class='ocrx_word' id='word_1_162' title='bbox 388 2991 505 3091; x_wconf 89' lang='lat' dir='ltr'>nequit</span> <span class='ocrx_word' id='word_1_163' title='bbox 527 2991 733 3079; x_wconf 86' lang='lat' dir='ltr'>haereticus,</span> <span class='ocrx_word' id='word_1_164' title='bbox 753 3007 811 3067; x_wconf 90' lang='lat' dir='ltr'>aut</span> <span class='ocrx_word' id='word_1_165' title='bbox 835 2991 1091 3080; x_wconf 86' lang='lat' dir='ltr'>schismaticos,</span> <span class='ocrx_word' id='word_1_166' title='bbox 1111 2992 1171 3091; x_wconf 90' lang='lat' dir='ltr'>qui</span> <span class='ocrx_word' id='word_1_167' title='bbox 1189 3018 1327 3092; x_wconf 89' lang='lat' dir='ltr'>separa·</span> 
     </span>
     <span class='ocr_line' id='line_1_25' title="bbox 217 3104 1324 3208; baseline 0.003 -29"><span class='ocrx_word' id='word_1_168' title='bbox 217 3104 342 3179; x_wconf 88' lang='lat' dir='ltr'>tionem</span> <span class='ocrx_word' id='word_1_169' title='bbox 367 3121 457 3180; x_wconf 88' lang='lat' dir='ltr'>tenet</span> <span class='ocrx_word' id='word_1_170' title='bbox 482 3121 672 3181; x_wconf 89' lang='lat' dir='ltr'>contractus</span> <span class='ocrx_word' id='word_1_171' title='bbox 697 3122 731 3180; x_wconf 92' lang='lat' dir='ltr'>ct</span> <span class='ocrx_word' id='word_1_172' title='bbox 755 3106 973 3208; x_wconf 80' lang='lat' dir='ltr'>sacramenti,</span> <span class='ocrx_word' id='word_1_173' title='bbox 993 3107 1099 3183; x_wconf 88' lang='lat' dir='ltr'>donec</span> <span class='ocrx_word' id='word_1_174' title='bbox 1120 3106 1324 3194; x_wconf 85' lang='lat' dir='ltr'>declaratio,</span> 
     </span>
     <span class='ocr_line' id='line_1_26' title="bbox 217 3218 1326 3297; baseline 0.002 -4"><span class='ocrx_word' id='word_1_175' title='bbox 217 3243 279 3293; x_wconf 87' lang='lat' dir='ltr'>seu</span> <span class='ocrx_word' id='word_1_176' title='bbox 303 3218 455 3294; x_wconf 85' lang='lat' dir='ltr'>delinitio</span> <span class='ocrx_word' id='word_1_177' title='bbox 477 3220 564 3294; x_wconf 85' lang='lat' dir='ltr'>lacta</span> <span class='ocrx_word' id='word_1_178' title='bbox 585 3246 653 3294; x_wconf 87' lang='lat' dir='ltr'>non</span> <span class='ocrx_word' id='word_1_179' title='bbox 673 3221 774 3295; x_wconf 87' lang='lat' dir='ltr'>luerit</span> <span class='ocrx_word' id='word_1_180' title='bbox 789 3221 833 3295; x_wconf 88' lang='lat' dir='ltr'>ab</span> <span class='ocrx_word' id='word_1_181' title='bbox 849 3219 992 3296; x_wconf 88' lang='lat' dir='ltr'>ecclesia</span> <span class='ocrx_word' id='word_1_182' title='bbox 1008 3220 1045 3294; x_wconf 93' lang='lat' dir='ltr'>in</span> <span class='ocrx_word' id='word_1_183' title='bbox 1058 3220 1205 3297; x_wconf 81' lang='lat' dir='ltr'>&#39;concilio</span> <span class='ocrx_word' id='word_1_184' title='bbox 1226 3246 1326 3296; x_wconf 90' lang='lat' dir='ltr'>oecu-</span> 
     </span>
     <span class='ocr_line' id='line_1_27' title="bbox 216 3332 1327 3437; baseline 0.005 -33"><span class='ocrx_word' id='word_1_185' title='bbox 216 3332 367 3420; x_wconf 91' lang='lat' dir='ltr'>menico,</span> <span class='ocrx_word' id='word_1_186' title='bbox 397 3360 485 3435; x_wconf 90' lang='lat' dir='ltr'>quae</span> <span class='ocrx_word' id='word_1_187' title='bbox 506 3335 656 3410; x_wconf 88' lang='lat' dir='ltr'>immutet</span> <span class='ocrx_word' id='word_1_188' title='bbox 680 3336 977 3436; x_wconf 87' lang='lat' dir='ltr'>iurisprudentiam</span> <span class='ocrx_word' id='word_1_189' title='bbox 995 3335 1060 3411; x_wconf 88' lang='lat' dir='ltr'>hac</span> <span class='ocrx_word' id='word_1_190' title='bbox 1083 3336 1119 3410; x_wconf 91' lang='lat' dir='ltr'>iu</span> <span class='ocrx_word' id='word_1_191' title='bbox 1145 3362 1201 3424; x_wconf 92' lang='lat' dir='ltr'>re,</span> <span class='ocrx_word' id='word_1_192' title='bbox 1223 3353 1327 3437; x_wconf 90' lang='lat' dir='ltr'>atque</span> 
     </span>
     <span class='ocr_line' id='line_1_28' title="bbox 215 3446 1326 3548; baseline 0 -26"><span class='ocrx_word' id='word_1_193' title='bbox 215 3446 417 3536; x_wconf 85' lang='lat' dir='ltr'>constituat,</span> <span class='ocrx_word' id='word_1_194' title='bbox 445 3464 482 3522; x_wconf 89' lang='lat' dir='ltr'>ut</span> <span class='ocrx_word' id='word_1_195' title='bbox 504 3449 666 3548; x_wconf 89' lang='lat' dir='ltr'>deinceps</span> <span class='ocrx_word' id='word_1_196' title='bbox 691 3450 801 3524; x_wconf 90' lang='lat' dir='ltr'>solum</span> <span class='ocrx_word' id='word_1_197' title='bbox 826 3450 1074 3524; x_wconf 85' lang='lat' dir='ltr'>matrimonium</span> <span class='ocrx_word' id='word_1_198' title='bbox 1098 3465 1229 3536; x_wconf 80' lang='lat' dir='ltr'>ratum,</span> <span class='ocrx_word' id='word_1_199' title='bbox 1258 3475 1326 3524; x_wconf 91' lang='lat' dir='ltr'>non</span> 
     </span>
     <span class='ocr_line' id='line_1_29' title="bbox 216 3562 1325 3665; baseline 0.004 -32"><span class='ocrx_word' id='word_1_200' title='bbox 216 3576 328 3634; x_wconf 90' lang='lat' dir='ltr'>autem</span> <span class='ocrx_word' id='word_1_201' title='bbox 353 3562 602 3637; x_wconf 91' lang='lat' dir='ltr'>matrimonium</span> <span class='ocrx_word' id='word_1_202' title='bbox 621 3590 711 3638; x_wconf 87' lang='lat' dir='ltr'>mere</span> <span class='ocrx_word' id='word_1_203' title='bbox 729 3563 916 3662; x_wconf 80' lang='lat' dir='ltr'>legitimum</span> <span class='ocrx_word' id='word_1_204' title='bbox 941 3565 1104 3665; x_wconf 88' lang='lat' dir='ltr'>producat</span> <span class='ocrx_word' id='word_1_205' title='bbox 1123 3563 1265 3641; x_wconf 87' lang='lat' dir='ltr'>ollactus</span> <span class='ocrx_word' id='word_1_206' title='bbox 1280 3564 1325 3641; x_wconf 92' lang='lat' dir='ltr'>ci-</span> 
     </span>
     <span class='ocr_line' id='line_1_30' title="bbox 214 3676 1060 3755; baseline 0 -3"><span class='ocrx_word' id='word_1_207' title='bbox 214 3676 298 3752; x_wconf 81' lang='lat' dir='ltr'>viles</span> <span class='ocrx_word' id='word_1_208' title='bbox 324 3677 359 3749; x_wconf 93' lang='lat' dir='ltr'>in</span> <span class='ocrx_word' id='word_1_209' title='bbox 384 3676 455 3751; x_wconf 86' lang='lat' dir='ltr'>loro</span> <span class='ocrx_word' id='word_1_210' title='bbox 480 3677 571 3751; x_wconf 84' lang='lat' dir='ltr'>civili</span> <span class='ocrx_word' id='word_1_211' title='bbox 597 3704 637 3752; x_wconf 92' lang='lat' dir='ltr'>ac</span> <span class='ocrx_word' id='word_1_212' title='bbox 662 3679 698 3752; x_wconf 92' lang='lat' dir='ltr'>in</span> <span class='ocrx_word' id='word_1_213' title='bbox 723 3679 796 3754; x_wconf 85' lang='lat' dir='ltr'>loro</span> <span class='ocrx_word' id='word_1_214' title='bbox 819 3679 1060 3755; x_wconf 86' lang='lat' dir='ltr'>ecclesiastico.</span> 
     </span>
    </p>

    <p class='ocr_par' dir='ltr' id='par_1_6' title="bbox 212 3791 1325 4357">
     <span class='ocr_line' id='line_1_31' title="bbox 286 3791 1325 3895; baseline 0.004 -31"><span class='ocrx_word' id='word_1_215' title='bbox 286 3792 419 3866; x_wconf 91' lang='lat' dir='ltr'>Nullum</span> <span class='ocrx_word' id='word_1_216' title='bbox 445 3791 586 3866; x_wconf 92' lang='lat' dir='ltr'>dubium</span> <span class='ocrx_word' id='word_1_217' title='bbox 612 3794 647 3866; x_wconf 93' lang='lat' dir='ltr'>in</span> <span class='ocrx_word' id='word_1_218' title='bbox 671 3820 711 3869; x_wconf 92' lang='lat' dir='ltr'>eo</span> <span class='ocrx_word' id='word_1_219' title='bbox 736 3809 812 3882; x_wconf 90' lang='lat' dir='ltr'>est,</span> <span class='ocrx_word' id='word_1_220' title='bbox 836 3795 939 3895; x_wconf 78' lang='lat' dir='ltr'>quod&#39;</span> <span class='ocrx_word' id='word_1_221' title='bbox 955 3811 1032 3869; x_wconf 89' lang='lat' dir='ltr'>ante</span> <span class='ocrx_word' id='word_1_222' title='bbox 1058 3794 1240 3870; x_wconf 89' lang='lat' dir='ltr'>concilium</span> <span class='ocrx_word' id='word_1_223' title='bbox 1267 3793 1325 3868; x_wconf 87' lang='lat' dir='ltr'>tri·</span> 
     </span>
     <span class='ocr_line' id='line_1_32' title="bbox 213 3906 1321 4007; baseline 0.003 -27"><span class='ocrx_word' id='word_1_224' title='bbox 213 3906 387 3982; x_wconf 90' lang='lat' dir='ltr'>dontinum</span> <span class='ocrx_word' id='word_1_225' title='bbox 411 3909 624 3984; x_wconf 86' lang='lat' dir='ltr'>matrimonia</span> <span class='ocrx_word' id='word_1_226' title='bbox 644 3910 728 3985; x_wconf 88' lang='lat' dir='ltr'>inita</span> <span class='ocrx_word' id='word_1_227' title='bbox 745 3937 766 3983; x_wconf 89' lang='lat' dir='ltr'>a</span> <span class='ocrx_word' id='word_1_228' title='bbox 784 3909 943 3985; x_wconf 82' lang='lat' dir='ltr'>fidelibus</span> <span class='ocrx_word' id='word_1_229' title='bbox 969 3911 1060 3984; x_wconf 83' lang='lat' dir='ltr'>iuxta</span> <span class='ocrx_word' id='word_1_230' title='bbox 1085 3909 1179 4007; x_wconf 82' lang='lat' dir='ltr'>leges</span> <span class='ocrx_word' id='word_1_231' title='bbox 1203 3908 1321 3985; x_wconf 81' lang='lat' dir='ltr'>civiles</span> 
     </span>
     <span class='ocr_line' id='line_1_33' title="bbox 213 4022 1320 4124; baseline 0 -28"><span class='ocrx_word' id='word_1_232' title='bbox 213 4037 443 4120; x_wconf 88' lang='lat' dir='ltr'>spectarentur</span> <span class='ocrx_word' id='word_1_233' title='bbox 466 4022 510 4097; x_wconf 88' lang='lat' dir='ltr'>ab</span> <span class='ocrx_word' id='word_1_234' title='bbox 529 4023 672 4098; x_wconf 89' lang='lat' dir='ltr'>ccclesia</span> <span class='ocrx_word' id='word_1_235' title='bbox 693 4039 865 4124; x_wconf 87' lang='lat' dir='ltr'>tamquam</span> <span class='ocrx_word' id='word_1_236' title='bbox 879 4051 958 4100; x_wconf 82' lang='lat' dir='ltr'>vcra</span> <span class='ocrx_word' id='word_1_237' title='bbox 969 4024 1128 4122; x_wconf 84' lang='lat' dir='ltr'>coniugia</span> <span class='ocrx_word' id='word_1_238' title='bbox 1137 4049 1181 4098; x_wconf 88' lang='lat' dir='ltr'>ac</span> <span class='ocrx_word' id='word_1_239' title='bbox 1193 4022 1320 4110; x_wconf 80' lang='lat' dir='ltr'>valida,</span> 
     </span>
     <span class='ocr_line' id='line_1_34' title="bbox 212 4135 1321 4237; baseline 0.007 -29"><span class='ocrx_word' id='word_1_240' title='bbox 212 4135 290 4212; x_wconf 87' lang='lat' dir='ltr'>licet</span> <span class='ocrx_word' id='word_1_241' title='bbox 314 4138 363 4213; x_wconf 87' lang='lat' dir='ltr'>eia</span> <span class='ocrx_word' id='word_1_242' title='bbox 384 4139 519 4214; x_wconf 87' lang='lat' dir='ltr'>deesset</span> <span class='ocrx_word' id='word_1_243' title='bbox 542 4141 743 4214; x_wconf 85' lang='lat' dir='ltr'>sacramenti</span> <span class='ocrx_word' id='word_1_244' title='bbox 771 4139 939 4237; x_wconf 78' lang='lat' dir='ltr'>dignitas,</span> <span class='ocrx_word' id='word_1_245' title='bbox 964 4167 1026 4217; x_wconf 90' lang='lat' dir='ltr'>nec</span> <span class='ocrx_word' id='word_1_246' title='bbox 1045 4140 1122 4216; x_wconf 91' lang='lat' dir='ltr'>idco</span> <span class='ocrx_word' id='word_1_247' title='bbox 1148 4138 1321 4216; x_wconf 87' lang='lat' dir='ltr'>habeban-</span> 
     </span>
     <span class='ocr_line' id='line_1_35' title="bbox 215 4253 904 4357; baseline 0.003 -33"><span class='ocrx_word' id='word_1_248' title='bbox 215 4266 268 4326; x_wconf 87' lang='lat' dir='ltr'>tur</span> <span class='ocrx_word' id='word_1_249' title='bbox 289 4269 326 4330; x_wconf 89' lang='lat' dir='ltr'>ut</span> <span class='ocrx_word' id='word_1_250' title='bbox 347 4253 488 4344; x_wconf 87' lang='lat' dir='ltr'>illicita,</span> <span class='ocrx_word' id='word_1_251' title='bbox 513 4255 690 4332; x_wconf 85' lang='lat' dir='ltr'>inhonesta</span> <span class='ocrx_word' id='word_1_252' title='bbox 715 4280 756 4333; x_wconf 83' lang='lat' dir='ltr'>ao</span> <span class='ocrx_word' id='word_1_253' title='bbox 781 4256 904 4357; x_wconf 85' lang='lat' dir='ltr'>turpia.</span> 
     </span>
    </p>
   </div>
   <div class='ocr_carea' id='block_1_3' title="bbox 0 0 1440 5062">
    <p class='ocr_par' dir='ltr' id='par_1_7' title="bbox 0 0 1440 5062">
     <span class='ocr_line' id='line_1_36' title="bbox 0 0 1440 5062; baseline 0 3"><span class='ocrx_word' id='word_1_254' title='bbox 0 0 1440 5062; x_wconf 95' lang='lat' dir='ltr'> </span> 
     </span>
    </p>
   </div>
  </div>
 </body>
</html>
