2872 5062
160 328 227 399 iti
350 347 412 398 tu.
433 348 456 396 1.
477 347 564 397 secr.
586 346 716 397 mrum.
737 347 777 396 nn
795 346 927 396 rrrrnru.
948 344 1055 397 orvrtr.

229 467 381 542 Ceterum
407 466 531 540 veritas
559 465 726 541 historica,
746 465 862 551 docet,
884 463 975 565 quod
1001 490 1077 537 cum
1096 462 1269 539 lothariu-

156 584 232 682 gius
253 608 294 655 ex
315 581 405 678 regis
433 580 486 653 sui
512 579 713 662 demandato
733 579 909 679 proposuit
925 578 1069 654 concilio
1087 579 1271 658 tridentino

157 697 375 770 irritationem
410 695 559 792 coniugii
592 695 819 782 clandestini,
856 694 1009 766 nonnulli
1039 721 1080 767 ex
1112 694 1269 793 patribus

157 840 196 888 se
215 840 252 887 se
269 826 517 912 opposuerunt,
538 811 687 909 eoquod
705 810 869 885 hactenus
891 809 1034 883 ecclesia
1058 808 1177 882 illicita
1193 811 1271 908 qui-

64 970 67 976 ·
158 928 235 1004 dem
265 927 420 1002 habuerit
453 927 619 1000 eiusmodi
649 926 825 1023 coniugia,
854 940 954 1024 atque
980 925 1024 997 ab
1049 924 1099 997 eis
1133 950 1271 1023 semper

158 1044 388 1130 abhorruerit,
409 1070 516 1144 eaque
533 1044 697 1117 detestata
718 1043 782 1130 sit,
803 1058 950 1116 attamen
972 1070 1039 1117 non
1065 1043 1267 1129 irritaverit,

161 1159 314 1258 adeoque
337 1157 423 1230 nihil
445 1184 522 1231 esse
542 1158 606 1230 hac
624 1158 659 1230 in
677 1185 712 1230 re
730 1158 971 1233 innovandum.
993 1158 1158 1231 Nonnulli
1175 1185 1271 1258 prae

158 1292 248 1350 terea
265 1274 575 1348 animadvertebant
589 1275 624 1345 in
636 1274 793 1371 coniugio
805 1273 1066 1347 christianorum
1084 1274 1176 1347 idem
1193 1300 1272 1349 esse

158 1406 364 1466 contractum
386 1408 426 1463 et.
440 1407 707 1476 sacramentum,
729 1389 871 1489 proinde
888 1417 955 1463 non
973 1416 1074 1488 posse
1091 1389 1270 1471 ecclesiam

157 1507 287 1581 irritare
319 1522 526 1580 contractum
552 1508 633 1607 quin
651 1507 798 1580 irritaret
813 1521 1060 1608 sacramentum
1081 1509 1172 1601 (98).
1207 1506 1270 1579 llis

158 1649 256 1723 porro
284 1621 432 1722 aliisque
466 1621 547 1705 hinc
580 1621 660 1693 inde
685 1621 872 1709 discussis,
901 1621 1035 1695 tandem
1060 1636 1174 1720 patres
1193 1647 1269 1694 oum

160 1738 352 1838 pluralitate
378 1738 614 1835 suffragiorum
638 1754 801 1811 uenerunt
826 1737 870 1809 ad
900 1735 1069 1810 edendum
1098 1737 1270 1811 decretum

158 1852 201 1937 de
226 1852 512 1927 clandestinorum
529 1851 760 1950 coniugiorum
780 1852 963 1926 irritatione
980 1855 1069 1948 (99).

230 1967 332 2041 Aliud
354 1967 495 2041 oratoris
522 1987 668 2040 erratum
687 1984 758 2055 est,
780 1966 959 2041 concilium
979 1966 1199 2039 tridentinum
1219 1967 1272 2038 in-

158 2084 297 2158 ductum
311 2111 345 2184 p.
357 2082 529 2182 Campegii
543 2083 851 2169 animadversione,
868 2085 1050 2156 seiunxit-re
1063 2096 1271 2155 contractum

159 2227 181 2273 a
193 2216 415 2286 sacramente,
431 2226 472 2272 ex
486 2225 552 2298 quo
566 2199 641 2297 ipse
654 2199 770 2272 edocet
783 2198 875 2272 iuxta
887 2198 1079 2286 concilium,
1093 2197 1271 2297 potestatis

159 2315 269 2390 civilis
287 2342 363 2389 esse
380 2316 542 2413 attingere
560 2331 765 2389 contractum
782 2315 1000 2401 matrimonii,
1020 2314 1273 2387 ecclesiasticae

159 2457 238 2504 vero
265 2431 427 2528 attingere
453 2446 710 2505 sacramentum.
736 2431 833 2517 Quod
859 2430 997 2529 quidem
1022 2429 1271 2503 alienissimum

159 2545 223 2620 luit
243 2528 318 2617 tum
344 2571 364 2617 a
389 2561 500 2619 mente
519 2545 713 2645 Campegii,
735 2562 804 2619 tum
831 2571 852 2618 a
876 2560 986 2618 mente
1004 2542 1158 2630 concilii,
1179 2543 1270 2644 quod

159 2659 252 2732 illius
270 2659 430 2735 rationem
451 2661 615 2759 probavit,
629 2663 696 2737 imo
709 2677 741 2742 et
758 2677 910 2736 secutum
928 2678 991 2735 ast.
1008 2660 1176 2747 Quoniam
1193 2684 1272 2733 vero

159 2791 271 2847 orator
295 2790 409 2849 noster
433 2776 664 2850 difficultatem
687 2777 775 2853 hane
800 2792 971 2851 mutuatus
998 2793 1050 2848 est
1075 2792 1096 2848 a
1121 2775 1272 2849 Launoio

159 2891 299 2991 perinde
320 2917 360 2964 ac
384 2891 601 2974 difficultates
622 2892 771 2993 reliquas
788 2920 874 2993 quas
894 2894 929 2964 in
948 2919 1010 2967 sua
1027 2892 1272 2992 disceptatione

160 3008 351 3104 congessit,
373 3035 439 3082 non
462 3008 522 3081 abs
548 3036 583 3082 re
608 3010 672 3081 erit
696 3009 872 3090 desumere
893 3008 1045 3089 eiusdem
1070 3008 1271 3084 solutionem

158 3122 202 3196 ab
221 3123 294 3199 eius
312 3124 505 3199 adversario
523 3125 582 3225 qui
604 3152 680 3199 eum
698 3125 797 3224 plene
815 3125 1018 3211 confutavit,
1040 3152 1163 3225 nempe
1175 3124 1271 3199 leul-
1317 3113 1320 3121 ¹

158 3237 275 3324 lierio,
305 3240 364 3339 qui
390 3240 446 3313 his
477 3240 591 3321 verbis
616 3266 693 3314 eum
719 3240 850 3313 relellit.

235 3383 252 3422 u
267 3354 389 3427 Verum
411 3355 548 3456 quidem
569 3371 639 3443 est,
660 3357 750 3458 quod
776 3382 853 3432 eum
879 3356 1041 3430 Camillus
1067 3357 1271 3457 Campegius

159 3465 396 3543 dominicanus
421 3471 509 3544 hanc
535 3471 696 3545 rationem
721 3472 874 3545 irritandi
899 3472 1113 3546 matrimonia
1134 3472 1271 3547 clande-

160 3581 268 3671 stina,
293 3601 418 3658 mutata
443 3586 581 3659 minime
608 3587 808 3660 sacramenti
829 3602 962 3674 natura,
979 3587 1081 3685 paulo
1099 3604 1177 3660 ante
1199 3615 1271 3687 pro·

231 3771 281 3834 (98)
296 3772 510 3824 Vid.Pa11aricin.
527 3773 696 3824 Dell’a'slortu
709 3774 752 3824 del
765 3774 873 3825 concilio
887 3774 915 3824 di
929 3776 1023 3825 Trenlo
1034 3774 1078 3824 lih.
1089 3778 1166 3824 xxii.
1180 3774 1237 3839 cap.
1246 3779 1269 3825 i.

160 3851 228 3901 iuter
243 3853 380 3903 ceterosita
389 3853 557 3904 disseruerunt
566 3857 602 3904 io.
614 3855 750 3918 Trivigiani
759 3855 989 3918 patriarchaveuet.
1000 3858 1025 3905 et
1034 3857 1155 3918 castagna
1165 3855 1272 3919 archiep.

160 3944 296 3983 mannans.
309 3933 352 3996 qui
362 3933 490 3984 dixerunt:
500 3934 666 3998 «Nonpotersi
676 3936 792 3989 tornutio
803 3936 860 3999 quel
871 3935 1039 3995 sacramento,
1051 3935 1070 3984 il
1082 3935 1156 3998 quale
1165 3935 1201 3985 ha
1207 3936 1271 3987 urta

159 4010 184 4061 la
196 4024 362 4075 sucessenza,
381 4012 473 4063 benene
489 4011 522 4076 gii
538 4013 669 4064 manchino
684 4008 708 4064 ie
726 4009 818 4064 dovute
836 4015 1029 4064 solenniis...0r
1044 4014 1204 4066 consistendo
1215 4014 1270 4064 l’as·

159 4103 231 4141 senza
242 4091 282 4142 dei
293 4093 450 4142 matrimonio
460 4093 500 4143 nel
510 4095 596 4143 mutuo
606 4094 799 4145 consentimento
812 4095 939 4158 sensibile,
954 4109 968 4146 e
984 4093 1165 4145 richiedendosi
1184 4095 1201 4144 i‘
1211 4095 1269 4144 altre

158 4170 277 4221 solennita
287 4185 303 4219 o
313 4185 356 4235 per
366 4172 456 4222 decoro
465 4185 481 4220 o
490 4185 533 4235 per
542 4185 633 4237 prora,
643 4173 661 4222 ii
671 4174 757 4224 diletto
767 4174 792 4224 di
803 4188 855 4226 esse
866 4188 914 4226 non
925 4175 974 4238 pult
981 4177 1048 4225 torre
1058 4174 1075 4224 ii
1088 4175 1198 4239 valorepv
1206 4173 1269 4225 etsie

159 4262 209 4300 uon
218 4250 262 4300 alii
272 4252 343 4315 pauci
354 4251 528 4303 disseruerunt.
750 4252 752 4256 ’

232 4330 284 4395 (99)
298 4331 361 4383 ibid.
372 4332 416 4383 iio.
426 4334 516 4384 xxiii.
527 4347 582 4396 cap.
595 4336 642 4393 aet
654 4343 676 4384 e.
