2872 5062
329 325 398 375 aar.
415 324 459 375 rv.
476 325 517 374 un
532 324 652 377 aunon.
666 325 724 375 rao
737 326 816 376 uase
829 328 868 378 uu
881 327 975 377 narn.
990 325 1096 378 crvrur.
1201 310 1269 381 335

586 482 794 538 ARTlCULUS
813 483 835 536 1.

163 628 378 705 Expcnduntur
391 635 562 705 argumenta
580 645 634 704 pro
651 629 713 706 lege
733 629 788 689 sub
801 637 918 706 aspectu
933 631 1114 706 potlsslmum
1133 632 1263 708 polltlco.

664 797 701 894 g.
731 797 757 867 1.

314 947 420 1012 Spiritus
435 948 545 998 caldoris
561 949 647 999 aetatis
662 962 692 1000 ac
708 950 829 1013 principia
843 949 971 1014 subalpini
987 949 1114 1000 Gubernli.

231 1098 283 1170 lb
300 1074 361 1185 eo,
379 1100 437 1197 qui
456 1097 563 1196 legem
581 1099 728 1173 comitiis
750 1099 943 1198 subalpinis
970 1100 1163 1200 proposuit,
1188 1100 1271 1174 haec

158 1213 290 1314 prolata
314 1213 470 1287 luerunt:
499 1213 678 1314 «Antiqua
700 1241 739 1289 ac
764 1242 882 1290 recens
909 1216 1038 1315 patriae
1063 1211 1198 1290 nostrae
1222 1216 1271 1289 le-

156 1330 292 1430 gislatio
309 1329 552 1429 dependentem
570 1331 696 1403 iaciunt
709 1331 846 1405 omnino
859 1331 1065 1405 validitatem
1079 1345 1269 1405 contractus

158 1444 270 1519 ciuilis
288 1440 492 1518 matrimonii
509 1472 530 1517 o
547 1448 783 1519 consecratione
800 1447 974 1546 religioso,
996 1445 1030 1518 id
1049 1462 1100 1519 est
1118 1445 1161 1518 ab
1177 1460 1267 1533 actu,

156 1561 192 1632 in
224 1586 294 1660 quo
321 1559 522 1658 gubernium
556 1586 595 1633 ac
626 1562 845 1659 magistratus
878 1560 996 1635 civiles
1027 1560 1113 1633 nihil
1147 1560 1272 1634 habeut

158 1699 346 1749 commune.
376 1677 419 1749 At
440 1702 520 1750 vcro
545 1676 610 1750 hoc
635 1678 821 1750 consistere
846 1703 914 1750 non
936 1692 1045 1776 potest
1062 1703 1135 1750 eum
1150 1679 1272 1775 spiritu

158 1792 218 1888 poi
235 1806 440 1889 praesentem
471 1792 705 1864 humanitatem
729 1794 765 1863 in
791 1793 851 1864 bac
876 1792 1011 1864 cultiori
1032 1807 1136 1865 aetate
1166 1794 1272 1892 insor-

156 1921 245 1990 met,
267 1932 376 2006 neque
393 1911 473 1989 ium,
479 1909 658 2005 principiis
675 1907 794 2004 quibos
811 1922 958 1980 nostrum
972 1908 1166 2006 gubernium
1184 1910 1272 2006 repi-

159 2034 212 2092 tur
232 2023 323 2116 (3).o
336 2012 562 2105 Hinc‘nouam
584 2021 693 2119 legem
708 2022 882 2121 proponit,
899 2049 968 2121 qua
982 2038 1148 2096 statuatur
1160 2022 1271 2122 primo

157 2135 314 2235 quidem,
343 2152 381 2209 ut
404 2137 597 2236 coniugium
624 2136 742 2211 ciuiles
764 2163 831 2211 non
862 2135 986 2211 haheat
1009 2136 1173 2224 allectus,
1204 2138 1269 2212 nisi

157 2268 324 2351 quatenus
346 2269 441 2326 aetus
466 2254 616 2350 coniugii
643 2253 678 2324 in
706 2252 848 2349 regestis
872 2253 1089 2349 magistratus
1114 2251 1224 2326 civilis
1250 2278 1272 2325 a

155 2368 431 2442 contrahentibus
449 2369 702 2457 conscribatur:
715 2367 840 2440 deinde
852 2393 931 2442 vero
949 2381 987 2439 ut
1002 2366 1195 2465 coniugium
1213 2392 1271 2441 co—

158 2508 230 2555 ram
255 2483 347 2558 ciuili
374 2484 486 2559 iudice
512 2474 674 2559 celebrari
696 2485 821 2582 possit,
848 2510 952 2584 quum
973 2483 1131 2581 religiosa
1156 2485 1271 2558 matri-

157 2599 261 2674 monii
287 2602 493 2676 consecratio
519 2601 630 2676 locum
644 2589 784 2675 ‘habere
809 2628 877 2675 nou
902 2601 1059 2700 potuerit.

570 2824 572 2829 ·
619 2800 807 2898 Responsio.

229 2967 304 3040 Duo
321 2967 424 3066 igitur
441 2944 627 3065 afferuntur
643 2969 768 3042 motiva
786 2969 829 3040 ad
848 2967 1077 3066 abrogandam
1096 2969 1271 3066 antiquam

159 3097 393 3183 recentemque
415 3067 660 3181 legislationem
687 3083 777 3155 circa
801 3083 1067 3168 matrimonium,
1091 3095 1124 3153 et
1143 3081 1186 3153 ad
1211 3107 1271 3154 no-

157 3221 234 3270 uam
256 3197 527 3287 substituendam
552 3198 679 3296 legem:
704 3215 775 3271 tum
796 3197 954 3271 videlicet
971 3199 1109 3295 spiritus
1125 3198 1183 3297 qui
1206 3197 1271 3269 hu-

163 3312 360 3386 manitatem
377 3339 439 3386 seu
456 3312 588 3386 civilem
607 3312 731 3386 cultum
754 3327 861 3384 aetate
879 3311 942 3383 hac
959 3327 1073 3385 nostra
1093 3310 1268 3400 informat,

160 3443 229 3500 tum
235 3424 408 3533 principio
415 3429 539 3529 quibus
549 3455 672 3503 novum
686 3428 813 3526 regitur
825 3427 1039 3527 subalpinum
1053 3427 1267 3525 gubernium.

158 3542 215 3616 Sic
233 3543 336 3616 ctiam
356 3532 423 3617 duo
440 3559 672 3646 proponuntur
689 3569 775 3616 nova
793 3543 858 3615 hac
879 3541 952 3639 lege
969 3542 1201 3629 decernenda;
1222 3540 1273 3615 alu

158 3675 287 3746 torum,
308 3662 400 3761 quod
419 3687 486 3735 non
504 3661 638 3762 possint
655 3661 719 3733 frui
738 3659 919 3733 effectibus
932 3658 1108 3748 civilibus,
1128 3685 1271 3760 quorum

158 3775 416 3851 matrimonialis
443 3793 633 3852 contractus
651 3777 686 3849 in
704 3775 829 3850 tabulis
854 3766 1003 3849 actorum
1028 3774 1178 3849 ciuilium
1204 3800 1272 3848 non

159 3891 260 3963 luerit
289 3892 493 3991 inscriptus;
522 3893 663 3968 alterum
687 3918 791 3980 vcro,
820 3891 911 3993 quod
933 3891 991 3962 hio
1015 3906 1204 3964 contractus
1229 3915 1271 3961 ex

160 4033 197 4079 se
223 4004 296 4079 solo
318 4006 466 4079 sufficiat
486 4007 528 4079 ad
552 4007 742 4107 legitimum
766 4005 1036 4082 constituendum
1057 4002 1267 4101 coniugium,

226 4211 262 4274 (a)
278 4213 666 4267 parlamentosoraooomcra
683 4213 726 4266 det
744 4213 873 4278 deputati.
883 4211 1038 4264 Tornatadel
1051 4210 1192 4273 rustagno
1203 4217 1271 4264 1852.

158 4294 372 4354 paparanum.
