2872 5062
266 360 1126 413 cnr.rvmrsnnuu.rsomesnruurs.c1v‚..snr.1u.
1195 340 1263 411 tm

152 506 238 580 quac
261 494 339 553 eunt
362 479 440 563 het,
468 479 547 551 Deo.
566 479 665 552 Porro
690 479 751 552 Ilei
778 494 857 552 sunt
880 493 1069 553 contractus
1095 495 1129 553 et
1153 505 1267 554 sacra·

155 611 305 670 mentum
330 593 498 692 coniugii,
526 591 681 667 Caesaris
706 608 786 667 sunt
807 593 1014 680 extrinseca,
1042 619 1131 692 quae
1156 595 1270 668 matri-

158 710 308 784 monium
325 710 561 796 circumstant,
579 733 700 808 nempe
713 707 853 782 ellectus
866 708 999 796 civiles,
1016 736 1102 808 quos
1115 708 1270 783 Christus

156 824 293 900 Caesari
318 823 465 913 dimisit;
495 825 555 898 sed
586 834 793 898 contractus
807 824 995 922 coniugalis
1024 842 1191 923 quatenus
1220 825 1270 899 el—

158 940 278 1014 ficitur'
293 967 354 1040 per
370 965 572 1013 consensum
590 955 624 1013 et
640 939 844 1014 voluntatem
861 941 1150 1027 contrahentium,
1172 968 1271 1014 num·

158 1069 267 1155 quam'
285 1055 348 1128 luit
372 1053 545 1142 Caesaris,
573 1054 635 1128 sed
661 1050 752 1129 lle'us
770 1055 805 1127 in
824 1072 1095 1154 protoparentum
1113 1056 1271 1153 coniugio

158 1197 234 1245 eum
260 1169 326 1243 sibi
343 1169 542 1257 reservavit,
563 1170 746 1244 decernens
763 1170 864 1243 etiam
883 1171 1080 1273 praecipuas
1099 1173 1173 1245 eius
1196 1196 1269 1271 pro

159 1286 335 1386 prietates,
362 1285 502 1359 unitatis
528 1302 561 1360 et
586 1284 919 1374 indissolubilitatis,
946 1302 984 1359 ut
1000 1286 1086 1361 alias
1104 1287 1267 1360 diximus.

160 1400 289 1473 Exinde
313 1415 405 1499 patet
428 1425 582 1474 corruere
608 1400 791 1475 illationem
817 1427 857 1474 ex
883 1402 970 1476 falsa
995 1403 1176 1503 hypothesi
1195 1429 1272 1503 pro-

160 1517 331 1590 fluentem.

235 1632 333 1719 Quod
358 1632 408 1720 si,
437 1648 476 1705 ut
499 1631 577 1706 aliis
602 1631 726 1732 placet,
754 1634 845 1708 Deus
870 1660 1048 1734 supremae
1072 1635 1153 1708 olim
1181 1651 1274 1735 pote-

162 1746 239 1821 stati
256 1745 357 1820 etiam
375 1763 581 1822 contractum
598 1748 710 1848 ipsum
728 1749 937 1848 coniugalem
949 1749 1193 1824 moderandum
1206 1767 1273 1824 tra-

163 1862 269 1949 didit,
289 1862 446 1936 Christus
463 1878 501 1936 ut
518 1864 553 1935 in
572 1863 743 1938 nonnullis
761 1865 857 1952 aliis,
878 1866 929 1939 sic
941 1866 1042 1940 etiam
1056 1866 1090 1937 in
1104 1865 1168 1940 hoc
1180 1867 1274 1965 prin-

163 1979 276 2078 cipum
301 1978 481 2053 coarctavit
512 1978 753 2052 auctoritatem.
778 1980 896 2053 Verum
922 1980 966 2055 de
991 1980 1054 2056 hoc
1078 1997 1276 2078 argumento

163 2093 257 2169 alihi.

237 2207 289 2282 dd
315 2211 350 2282 h.
366 2208 612 2284 Probationem.
631 2210 747 2308 Neque
764 2210 853 2283 lavet
876 2210 1017 2283 oratoris
1043 2208 1131 2282 thesi
1150 2210 1197 2283 rei
1219 2236 1277 2282 na-

166 2339 259 2411 tura,
280 2350 342 2398 seu
359 2324 486 2397 evectio
502 2339 693 2411 contractus
710 2324 755 2396 ad
780 2341 1038 2398 sacramentum.
1055 2325 1138 2396 Nam
1156 2341 1190 2396 et
1211 2323 1277 2397 hoc

166 2456 217 2514 est
234 2439 559 2514 falsumadrersarii
584 2439 808 2540 principium,
830 2439 921 2538 quod
939 2465 1061 2539 nempe
1078 2441 1276 2513 sacramenti

166 2556 324 2654 dignitas?
341 2556 483 2630 accedat
501 2555 547 2629 ad
564 2571 769 2629 contractum
787 2555 854 2627 iam
872 2555 1011 2642 initum,
1033 2572 1204 2654 tamquam
1222 2581 1277 2628 res

167 2673 211 2746 ad
229 2699 297 2746 rem
309 2730 322 2760 ,
334 2673 474 2771 perinde
491 2697 531 2745 ac
548 2671 784 2745 sicontractus
802 2686 836 2746 et
853 2689 1099 2746 sacramentum
1117 2672 1277 2747 duaeres

168 2804 283 2862 essent
307 2788 392 2862 inter
415 2814 454 2861 se
483 2786 673 2860 distinctae,
694 2787 764 2860 larn
795 2813 874 2861 vero
899 2802 936 2860 ut
966 2814 1029 2861 suo
1060 2788 1135 2862 loco
1165 2803 1279 2862 osten·

168 2903 298 2989 dimns,
325 2918 571 2976 sacramentum
596 2901 726 2999 exurgit
750 2929 791 2975 ex
815 2903 892 3002 ipso
916 2907 1086 2978 contractu
1110 2904 1193 2976 dum
1217 2902 1275 2990 fit,

169 3018 218 3092 ita
232 3034 270 3091 ut
285 3044 374 3090 unus
393 3017 551 3117 idemque
568 3017 612 3090 sit
628 3032 724 3091 actus
742 3044 809 3115 quo
835 3017 873 3089 fit
896 3034 1086 3092 contractus
1111 3033 1145 3090 ct
1167 3042 1280 3092 sacra·-

171 3150 336 3221 mentum‚
358 3133 510 3233 adeoque
527 3132 670 3206 hahetur
693 3131 851 3205 identitas
878 3131 980 3205 realis
1004 3133 1198 3231 utriusque,
1218 3156 1281 3206 nec

169 3275 259 3321 unus
287 3247 332 3321 ab
360 3248 464 3322 altero
495 3247 645 3347 separari
678 3263 811 3346 potest,
840 3263 897 3320 eut
929 3247 1084 3321 dissolvi.
1106 3247 1193 3320 Hinc
1222 3273 1280 3321 su-

171 3378 356 3462 perstructa
381 3363 506 3453 moles,
526 3362 660 3437 sublato
677 3362 911 3451 fundamento,
938 3363 1100 3450 concidit;
1124 3363 1282 3436 videlicet

172 3478 339 3566 concidit,
368 3479 460 3578 quod
485 3494 596 3553 orator
620 3479 668 3552 ait
693 3479 735 3550 de
759 3479 993 3552 coniunctione
1017 3479 1118 3552 unius
1137 3479 1184 3552 rei
1205 3479 1281 3552 cum

173 3592 292 3680 altera,
324 3619 412 3692 quae
439 3593 633 3666 earumdem
663 3598 816 3665 naturam
847 3592 986 3666 minime
1017 3592 1103 3666 tollit
1130 3608 1189 3666 aut
1218 3594 1281 3664 im-

172 3723 290 3781 mutat.
321 3708 357 3779 ld
390 3708 538 3807 prolecto
555 3735 686 3782 ¹uerum
719 3724 798 3794 est,
833 3708 864 3780 si
886 3707 1059 3781 eiusmodi
1091 3705 1282 3781 coniunctio

174 3822 218 3895 ah
242 3823 428 3900 extrinseco
447 3825 525 3913 fiat3
538 3824 606 3899 'sed
624 3824 654 3898 si
672 3824 719 3897 ita
736 3824 798 3897 fiat
811 3825 1002 3898 coniunctio
1023 3840 1061 3896 ut
1085 3837 1283 3896 concurrant

172 3938 274 4012 veluti
300 3938 367 4012 duo
392 3939 556 4012 elementa
580 3940 624 4012 ad
650 3966 718 4012 rem
738 3938 908 4038 quandam
927 3939 1061 4011 unicam
1079 3937 1283 4010 constituen-

174 4053 253 4127 dam
279 4054 577 4155 elliciendamqne,
605 4055 719 4155 reipsa
744 4070 864 4127 natura
889 4054 937 4127 rei
964 4053 1088 4126 tollitur
1104 4078 1144 4125 ac
1161 4052 1284 4125 immu-

175 4187 288 4259 tatur,
323 4156 421 4272 prout
452 4171 600 4245 cernitur
631 4169 684 4259 vel
716 4170 751 4243 in
784 4169 870 4269 ipsis
900 4168 1191 4243 coniunctionibus
1223 4162 1283 4241 seu

174 4286 444 4385 copulationibus
464 4285 617 4386 physicis
634 4302 691 4360 aut
707 4285 875 4360 chimicis.
891 4284 986 4358 Certe
1004 4283 1153 4359 essentia
1175 4309 1284 4358 sacra·
