2872 5062
356 359 423 415 car.
440 360 487 408 m.
505 359 544 409 un
562 359 692 410 aarum.
710 359 821 410 crvmrs
838 362 928 412 naar.
947 364 1017 412 aar.
1036 364 1078 413 rv.
1199 346 1266 416 823

160 478 336 566 homines,
364 482 620 554 nominetenus
646 481 839 568 christiani,
868 508 925 555 eas
951 483 1036 555 inire
1061 511 1129 558 non
1153 511 1270 560 veren-

160 611 235 683 tur,
265 597 338 670 iure
364 597 490 695 optimo
506 597 549 670 ab
566 597 706 672 ecelesia
733 599 968 698 reprobantur,
992 626 1031 672 ac
1056 602 1195 674 statutis
1214 629 1270 677 ca·

161 711 293 786 nonicis
318 712 438 812 poenis
464 711 675 810 plectuntur,
705 713 822 786 saltem
848 714 959 813 quoad
986 730 1268 789 sacramentorum

160 852 277 912 mum,
305 852 326 898 a
350 825 475 925 quibus
500 843 667 900 arcentur.
698 828 832 900 luterim
863 828 974 902 civilis
999 831 1179 904 auctoritas
1206 831 1270 905 hu·

159 941 306 1015 iusmodi
336 939 553 1029 hominibus,
580 943 639 1041 qui
664 943 706 1015 ad
734 943 816 1040 legis
841 970 992 1018 normam
1018 947 1269 1021 matrimonium

158 1055 404 1142 contraxerint,
433 1057 675 1154 patrocinatur,
696 1083 822 1157 eosque
840 1086 899 1157 per
915 1060 983 1132 vim
1002 1059 1154 1134 defendit
1170 1077 1269 1160 atque

160 1185 295 1251 tutatur.
325 1171 456 1250 Exinde
480 1174 656 1246 conllictus
680 1174 767 1246 inter
791 1174 922 1248 civilem
949 1191 983 1247 et
1006 1177 1268 1250 ecclesiasticam

160 1303 368 1387 potestatem.
396 1289 566 1363 Ecclesiae
591 1291 757 1377 ministri,
785 1292 815 1364 si
840 1291 946 1365 nolint
966 1292 1009 1364 ab
1029 1293 1142 1366 officio
1164 1293 1270 1366 desci-

159 1427 270 1490 scere,
291 1419 445 1479 tenentur
461 1430 501 1478 ex
519 1430 671 1490 munere,
693 1405 782 1505 quod
802 1406 886 1504 ipsis
904 1406 1084 1492 incumbit,
1108 1405 1270 1481 ecclesiae

159 1518 291 1615 legibus
317 1517 565 1619 obtemperare,
592 1547 717 1619 easque
739 1548 875 1617 urgere3
899 1520 980 1592 hinc
1001 1548 1042 1594 ex
1065 1537 1157 1621 parte
1182 1523 1269 1621 poli-

158 1635 246 1709 ticae
262 1636 467 1710 auctoritatis
488 1638 680 1710 vexationes
701 1637 898 1733 omnigenae
924 1637 1106 1735 incipiunt,
1127 1638 1267 1724 multae,
1329 1624 1332 1628 .

158 1775 331 1837 carceres,
351 1749 473 1837 exilia,
497 1751 622 1849 quibus
643 1753 773 1825 saevire
793 1750 878 1824 solet
895 1751 930 1821 in
948 1752 1091 1850 optimos
1114 1778 1268 1852 quosque

158 1881 310 1965 pastores
334 1891 374 1939 ac
400 1868 609 1955 secerdoteS,
630 1869 688 1966 qui
706 1869 775 1940 Deo
792 1867 930 1940 obedire
947 1867 1076 1941 malunt
1092 1895 1194 1967 quam
1212 1869 1269 1943 ho

158 1980 321 2054 minibus.
346 1980 516 2054 Adnititur
533 2008 593 2081 per
610 1982 813 2055 materialem
832 1983 900 2054 vim
918 2007 976 2055 eos
994 2008 1124 2079 cogere,
1142 2002 1178 2055 ut
1195 2011 1271 2058 con·

158 2112 210 2169 tra
236 2098 408 2196 pmpriam
433 2099 672 2172 conscientiam
698 2114 816 2194 agant,
838 2124 876 2170 ac
893 2096 1071 2171 violatores
1097 2125 1269 2173 sacrorum

159 2236 326 2284 canonum
337 2237 377 2285 sc
389 2212 612 2298 constituant;
628 2237 697 2311 quo
709 2237 787 2284 vero
800 2213 856 2284 isti
872 2211 1023 2285 fortiores
1041 2213 1154 2287 animo
1167 2229 1263 2300 sunt,

156 2326 373 2426 validiusque
397 2352 458 2425 pro
484 2325 613 2399 iustitia
629 2325 819 2412 decertant,
840 2352 880 2397 eo
898 2327 1120 2425 pugnaciores
1139 2326 1266 2425 publici

157 2443 374 2541 magistratus
412 2443 521 2529 finnt,
559 2441 710 2541 nullique
738 2441 917 2515 violentiae
950 2458 1113 2540 pareunt,
1147 2459 1185 2515 ut
1209 2470 1267 2516 eos

157 2557 315 2644 lleotant,
343 2574 679 2657 transgressoresque
701 2556 853 2629 reddant.

229 2672 398 2746 Constans
423 2672 508 2746 haec
531 2689 583 2746 est
608 2672 730 2769 agendi
756 2672 841 2745 ratio
872 2672 1264 2772 pseudo-politicorum,

158 2790 219 2888 qui
240 2789 408 2888 incipiunt
428 2787 569 2862 hostiles
594 2815 631 2861 se
657 2786 818 2886 praebere
843 2815 922 2884 erga
946 2787 1144 2862 catholicam
1167 2790 1268 2862 eccle

157 2906 267 2993 siam,
299 2931 405 3004 seque
434 2905 644 2978 adversarios
669 2903 821 2977 eiusdem
847 2904 1076 2988 constituere,
1105 2905 1267 2975 nimirum

157 3021 250 3118 leges
271 3022 366 3120 prius
392 3020 529 3119 iniquas
548 3045 587 3092 ac
604 3018 735 3091 iuribus
760 3016 924 3091 ecelesiae
948 3019 1163 3091 adversantes
1190 3043 1263 3114 pro

157 3133 336 3232 mulgent,
372 3151 488 3235 postea
516 3161 596 3208 vero
632 3134 819 3207 executioni
853 3131 1013 3205 mandare
1047 3132 1165 3203 maiori
1201 3159 1269 3230 qua

158 3265 303 3348 possum
326 3251 527 3336 severitate,
558 3264 733 3344 satagunt:
767 3273 843 3319 cnm
869 3263 1001 3332 autem,
1040 3272 1099 3345 pro
1130 3271 1268 3321 munere

157 3362 379 3438 ecclesiastici
403 3365 467 3439 viri
494 3390 570 3437 sese
594 3363 663 3436 illis
688 3379 858 3461 amquam
882 3386 1013 3433 murum
1045 3387 1185 3434 aeneum
1211 3389 1268 3461 op

157 3496 307 3578 ponunt,
326 3495 407 3553 tunc
423 3480 626 3580 potentiores
648 3479 864 3575 magistratus
885 3477 1015 3550 nullum
1036 3476 1173 3551 modum
1197 3504 1268 3551 ser-

156 3611 259 3682 vant,
288 3595 426 3683 larunt,
454 3596 704 3694 insaniamque.
735 3596 803 3668 llos
829 3594 1049 3692 proscindunt
1072 3620 1138 3691 ope
1163 3593 1268 3691 ephe-

157 3711 324 3783 meridem
340 3711 458 3814 pretio
482 3710 746 3797 conductarum,
775 3708 989 3795 maledictis,
1016 3708 1186 3794 dicteriis,
1215 3735 1267 3780 ca-

157 3823 320 3912 lumniis3
340 3851 399 3900 eoa
415 3826 550 3926 populis
571 3827 701 3900 invisos
726 3825 864 3898 reddere
889 3825 1009 3924 quavis
1032 3824 1160 3898 ratione
1184 3848 1264 3897 con-

158 3940 328 4027 nituntnr;
348 3941 511 4016 adversus
529 3942 795 4029 intolerantiam,
811 3968 913 4040 qnam
926 3957 1046 4014 vocant
1057 3938 1264 4022 clericalem,

157 4057 436 4144 obstinationem,
457 4057 679 4155 pervicaciam
700 4056 868 4130 clamant:
892 4056 1082 4130 sacerdotes
1099 4054 1267 4150 suispro-

119 4209 121 4213 ⁴
156 4171 313 4246 ventibus
333 4171 526 4272 expoliant,
547 4174 581 4244 in
598 4198 749 4246 carceres
774 4171 972 4257 detrudunt,
998 4196 1039 4244 ac
1057 4169 1205 4267 denique
1228 4169 1265 4239 in

157 4285 296 4360 exilium
322 4285 462 4386 pellunt.
485 4287 535 4359 lta
553 4312 590 4359 sc
611 4302 730 4382 gerunt
750 4313 826 4360 cum
851 4284 1011 4359 ecclesiae
1038 4281 1262 4438 praesulibus,
