2872 5062
282 381 351 431 GAP.
365 381 408 430 tv.
422 378 462 429 DE
474 377 592 430 sutus.
611 378 669 428 PRO
687 376 766 427 1.de
778 377 818 427 os
836 376 931 428 utun.
948 375 1131 428 01111111.
1205 355 1277 428 349

166 500 302 585 nistris,
319 497 386 571 sibi
399 497 482 570 solis
496 497 549 571 ius
563 512 771 569 reservantes
789 494 1013 592 intelligendi,
1035 495 1277 595 interpretandi

163 631 198 688 et
213 611 410 713 applicandi
433 611 522 684 idem
544 611 709 684 Statutum
724 610 767 682 ad
781 610 866 683 fines
885 635 988 698 suos;
1005 610 1149 708 seipsos
1164 635 1280 684 sacra-

165 744 278 803 mento
306 727 479 824 religionis
512 726 707 800 devinciunt
735 726 777 798 ad
805 726 976 825 proprium
1002 725 1069 798 sibi
1094 725 1279 798 demanda·

164 861 237 918 tum
265 868 392 915 munus
416 842 548 915 sincere
573 839 784 926 obeundum;
811 856 845 912 et
869 841 917 912 ita
939 866 1050 938 porro.
1077 839 1144 913 Vae
1165 856 1277 913 autem

163 958 256 1044 illis,
281 957 341 1056 qui
366 956 545 1032 violatores
570 983 610 1031 ae
632 956 791 1029 fractores
817 955 958 1029 huiusce
981 955 1200 1030 iurisiurandi
1218 957 1279 1029 de·

162 1072 465 1174 prehenderenturl
478 1073 517 1144 ln
530 1072 594 1146 bos
607 1072 697 1144 enim
710 1070 813 1144 veluti
827 1072 862 1142 in
874 1071 991 1145 violati
1004 1071 1182 1146 iuramenti
1200 1097 1277 1147 reos

164 1188 438 1263 animadvertunt
469 1187 681 1285 gravissimis
708 1187 840 1286 poenis,
869 1186 905 1257 Si
935 1187 995 1285 qui
1018 1213 1097 1261 vero
1122 1186 1208 1284 legis
1237 1213 1278 1260 ac

160 1303 384 1379 iurisiurandi
409 1303 568 1376 fractores
583 1304 755 1402 propriam
776 1301 959 1376 obtendant
979 1305 1225 1386 convictionem,
1244 1303 1276 1376 si

164 1421 351 1493 libertatern
367 1421 579 1492 conscientiae
600 1444 660 1518 pro
678 1443 715 1491 se
734 1418 933 1504 reclament,
951 1443 1009 1491 eos
1027 1443 1094 1491 uon
1112 1417 1275 1504 audiunt,

161 1535 222 1609 sed
240 1535 335 1608 iuxta
357 1533 470 1631 legum
492 1535 635 1631 rigorem
652 1532 813 1633 plectunt.

237 1650 398 1736 Quinimo
419 1649 454 1722 in
473 1649 614 1724 istorum
639 1650 1002 1749 pseudopoliticorum
1029 1649 1186 1725 manibus
1206 1651 1277 1724 ius·

162 1766 344 1839 iurandum
371 1765 629 1840 instrumentum
651 1783 705 1840 est
730 1767 963 1865 potissimum,
992 1766 1084 1867 quod
1105 1766 1192 1865 ipsis
1214 1766 1278 1837 mi'-

162 1882 258 1954 rifice
282 1881 424 1955 inservit
440 1881 483 1955 ad
500 1881 671 1956 vexandos
696 1881 860 1956 eeclesiae
881 1882 1066 1956 ministros.
1088 1881 1276 1955 Identidem

161 1997 254 2070 enim
279 1996 348 2096 ipsi
369 2014 428 2070 aut
448 1996 540 2094 leges
564 1997 730 2083 condunt,
751 2013 811 2071 aut
827 1997 961 2071 decreta
986 1997 1091 2071 edunt
1114 1996 1279 2070 ecclesiae

162 2112 229 2185 iuri
246 2137 287 2186 ac
304 2110 450 2187 libertati
472 2113 656 2198 contraria,
673 2137 761 2211 quae
773 2113 1056 2211 optime-noscunt
1069 2113 1161 2187 haud
1176 2138 1277 2211 posse

159 2253 181 2300 a
198 2225 367 2301 catholico
384 2227 571 2314 sacerdote,
588 2241 646 2300 aut
659 2253 679 2300 a
693 2226 861 2324 religiosis
878 2227 977 2313 viris,
996 2228 1090 2301 salva
1102 2227 1278 2300 conscien-

161 2341 228 2429 tia,
251 2340 391 2415 servari.
419 2340 575 2415 Attamen
600 2367 660 2414 eos
685 2357 810 2438 cogunt
834 2340 878 2413 ad
904 2341 1144 2440 praestandum
1166 2340 1276 2413 iusiu-

163 2454 325 2543 randum,
346 2479 414 2552 quo
432 2455 560 2555 iniquis
585 2455 654 2530 illis
678 2455 811 2554 legibus
835 2481 911 2529 sese
932 2455 1156 2553 obstringant.
1178 2454 1276 2542 Quod

160 2571 190 2644 si
213 2585 390 2657 recusent,
413 2570 505 2645 velut
527 2573 562 2643 in
585 2571 741 2670 publicos
763 2571 934 2645 societatis
956 2571 1073 2646 hostes
1091 2597 1132 2644 ac
1149 2571 1277 2671 patriae

164 2685 352 2785 proditores
371 2687 406 2759 in
423 2713 481 2762 eos
500 2686 616 2760 furunt
627 2713 667 2761 ac
680 2686 943 2774 debacchantur,
959 2713 1017 2761 eos
1035 2687 1171 2775 officiis,
1188 2712 1277 2788 quae

158 2801 324 2889 obtinent,
344 2803 550 2890 destituunt,
572 2819 631 2877 aut
643 2804 833 2903 impediunt
845 2803 1027 2904 quominus
1041 2830 1081 2877 ea
1094 2830 1277 2903 assequan·

162 2932 218 3104 Ξυι·
234 2934 367 3016 praeter
382 2917 551 3018 reliquum
566 2945 749 3017 poenarum
763 2935 962 3018 apparatum
976 2920 1020 2993 ad
1034 2944 1092 2994 eos
1105 2920 1273 2992 insectan-

129 3060 132 3069 ·
185 3058 225 3106 os
242 3035 331 3128 (18).

235 3309 286 3372 (ts)
303 3311 410 3374 linquid
423 3312 497 3362 refert
505 3314 634 3376 Ephemer.
647 3313 747 3365 L’Ecicc
758 3312 792 3362 du
803 3314 872 3363 Mont
887 3312 962 3362 Blanc
982 3325 1059 3362 mens.
1069 3311 1128 3362 Feb.
1143 3318 1211 3362 1855.
1222 3314 1277 3363 «Le

161 3389 288 3441 ministare
295 3392 497 3457 vientd’envoyer
505 3393 658 3456 acesagents
667 3407 716 3444 une
725 3393 861 3454 circuiaire,
872 3405 916 3456 par
927 3393 1059 3456 laquelieil
1069 3393 1124 3444 leur
1134 3393 1280 3444 commende

160 3468 185 3518 la
195 3469 390 3520 surreilianceia
400 3471 455 3535 plus
473 3473 552 3522 active
568 3473 653 3522 contre
663 3472 699 3522 les
712 3473 813 3535 pretres.
827 3471 972 3522 ondoitles
981 3472 1049 3535 epici
1059 3471 1121 3521 dans
1132 3471 1168 3522 les
1176 3485 1277 3523 conver·

157 3549 252 3599 satiens
258 3549 387 3614 pubiiques
393 3552 418 3602 et
426 3552 587 3615 particuliers,
595 3554 619 3602 et
627 3553 724 3602 sunout
735 3553 797 3602 dans
807 3552 842 3602 les
852 3551 963 3602 discours
971 3552 1015 3615 qui
1022 3551 1163 3615 pourraieni
1171 3564 1277 3615 pronon·

159 3640 202 3679 cer
213 3641 245 3681 en
253 3629 346 3680 chaire.
360 3633 409 3681 Des
422 3631 509 3683 allides
519 3633 603 3683 serent
613 3633 718 3696 envoyes
729 3634 828 3695 parient
838 3631 887 3682 etin
897 3632 929 3683 dc
938 3632 1055 3683 ebercher
1072 3632 1116 3684 des
1132 3631 1203 3684 bases
1213 3631 1277 3682 d’ec·

159 3707 298 3758 mention.»

234 3787 295 3837 Tale
309 3789 348 3839 est
363 3791 470 3852 systema
484 3790 659 3853 persecutionis
668 3792 694 3841 in
704 3790 840 3855 subalpinis
856 3794 942 3843 contra
960 3792 1097 3843 libertatern
1115 3790 1278 3842 conscientiae

159 3867 374 3930 agasanerdotes.
1142 3918 1144 3922 ,

237 3947 329 3998 Eadem
349 3949 473 4013 ephemer.
489 3950 563 4001 refert
580 3953 663 4001 textum
674 3951 836 4002 articulorum
847 3952 908 4015 legis
918 3959 941 4003 5.
953 3953 1010 4002 Iulii
1022 3957 1090 4003 1854.
1101 3953 1167 4001 circe
1176 3951 1277 4014 modoi-

156 4030 274 4079 cationes
285 4028 382 4080 codt'cis
390 4030 528 4094 poenalis,
543 4044 606 4094 quac
617 4033 763 4095 applicanda
776 4033 930 4097 proponitur.

233 4109 319 4159 Arte
333 4112 403 4160 «Les
413 4110 538 4160 ministres
553 4110 597 4160 des
611 4111 703 4174 cuins,
717 4112 774 4175 qui,
789 4111 850 4162 dans
869 4112 997 4162 l'erercice
1010 4112 1041 4162 de
1054 4113 1119 4162 leurs
1136 4111 1274 4174 fonctions,

158 4191 343 4250 prononcsront
353 4202 384 4241 en
393 4190 526 4242 assemblte
535 4191 653 4254 publique
664 4204 699 4241 un
710 4192 822 4244 discours
831 4193 981 4244 reniermant
989 4205 1039 4243 une
1046 4204 1148 4242 censure
1156 4192 1200 4243 des
1211 4192 1276 4243 insti·

159 4267 254 4318 tutiom
265 4271 291 4319 et
300 4268 344 4321 des
355 4269 402 4323 lois
412 4270 444 4321 de
453 4270 534 4332 l’etat,
552 4272 636 4322 serent
648 4270 721 4335 punis
739 4272 799 4322 d'un
815 4273 1038 4337 emprisonuement
1050 4272 1083 4323 de
1096 4271 1158 4324 trois
1177 4272 1242 4325 mois
1259 4274 1275 4324 a

159 4345 307 4400 1111111111.»
