2872 5062
355 387 423 437 mr.
440 389 489 437 ιιι.
508 389 547 436 ou
560 388 692 438 ιιιιιιιι.
710 387 824 441 orvrms
841 388 934 439 uror.
952 391 1023 440 aar.
1042 392 1089 441 ιιι.
1215 371 1283 440 ets

164 505 266 580 ciuile
291 505 402 579 solum
424 506 619 603 coniugium
640 506 806 594 lacerent,
828 533 868 581 ac
886 535 990 608 saepe
1004 509 1105 581 etiam
1119 508 1287 583 reluctan-

165 638 231 694 tem
249 621 392 718 eogendi
410 621 454 693 ad
473 622 757 720 perseverandum
777 622 810 693 in
830 638 920 695 statu
939 622 1122 708 habitualis
1141 626 1282 722 peccati,

164 739 216 819 uti
243 737 368 836 pariter
384 737 546 811 vidimus.
569 737 664 823 Quae
681 739 819 836 quidem
844 741 957 812 omnia
982 755 1062 813 sunt
1086 755 1203 813 contra
1226 766 1287 841 po-

168 851 297 935 liticum
308 852 453 940 bonum,
474 869 591 926 eontra
608 854 820 927 honestatem
833 870 867 928 et
878 880 996 928 sanam
1010 855 1163 943 ethicae,
1182 856 1287 931 immo

164 985 200 1041 et
224 985 341 1041 eontra
367 968 543 1043 iustitiam.
569 986 573 994 ‘
1085 1038 1088 1046 ,

239 1082 325 1157 Cum
346 1084 461 1184 itaque
486 1085 540 1158 lex
564 1086 688 1161 debeat
709 1087 775 1161 sibi
802 1114 989 1187 proponere
1014 1087 1140 1161 honum
1166 1104 1199 1161 et
1224 1089 1285 1162 ho-

166 1213 318 1285 nestum,
341 1216 441 1298 prout
458 1201 532 1273 eius
550 1216 670 1275 natura
693 1203 844 1301 exposcit
862 1217 896 1275 et
912 1202 1031 1300 exigit,
1053 1228 1198 1302 comque
1216 1225 1284 1276 non

164 1314 271 1388 alium
298 1316 401 1390 finem
419 1318 485 1390 sibi
503 1317 649 1391 obiicere
665 1319 776 1417 possit
792 1318 982 1416 legislator,
995 1337 998 1344 “
1012 1345 1114 1418 quam
1140 1319 1285 1393 societa-

162 1431 209 1504 tis
236 1431 446 1520 felicitatem,
467 1434 603 1532 utrique
625 1451 737 1508 autem
763 1450 953 1534 opponatur
969 1434 1023 1508 lex
1040 1435 1083 1507 de
1102 1435 1283 1510 connubiis

162 1546 342 1636 civilibus,
370 1566 673 1648 consequens'est,
695 1577 791 1637 eam,
820 1567 934 1650 uptote
960 1567 1076 1624 contra
1099 1551 1284 1650 legislatio·

161 1662 216 1736 nis
234 1666 396 1737 ‘naturam
421 1691 461 1738 uo
485 1665 689 1762 legislatoris
716 1666 835 1751 finem,
865 1666 1043 1740 dicendum
1061 1692 1139 1740 esse
1155 1693 1197 1740 ex
1216 1666 1281 1741 hoo

162 1780 275 1877 primo
300 1780 410 1878 capite
435 1781 572 1854 omnino
599 1780 854 1882 antipolitioam.
887 1835 889 1839 -

236 1895 496 1996 &candacae
518 1912 571 1969 est
588 1911 762 1995 praeterea
786 1897 870 1971 haee
895 1898 972 1996 ipsa
996 1897 1049 1971 lex
1074 1898 1283 1998 antipolitica

161 2038 203 2085 ex
227 2011 335 2086 altero
360 2013 505 2112 capite‚'
521 2015 614 2114 quod
648 2031 809 2114 perpetuo
839 2031 966 2114 pugnet
999 2041 1075 2088 eum
1108 2015 1280 2113 religione,

163 2155 254 2228 quae
281 2130 317 2201 in
348 2129 523 2229 republica
548 2131 602 2204 vel
629 2158 731 2228 regno
761 2131 964 2205 dominatur.
999 2131 1174 2230 Quidquid
1205 2158 1282 2204 sen-

163 2243 250 2317 tiant
268 2270 309 2317 ae
325 2244 479 2318 effutiant
497 2245 616 2318 furiosi
638 2244 914 2344 pseudo-politici
936 2261 970 2318 et
986 2244 1151 2317 inereduli
1173 2244 1283 2317 homi-

159 2386 243 2447 nes,
270 2359 324 2434 uel
348 2360 426 2460 ipse
452 2361 640 2434 communis
672 2385 793 2432 sensus
821 2360 940 2435 suadet
964 2386 1004 2433 ac
1030 2360 1155 2445 docet,
1184 2384 1283 2430 num-

161 2503 274 2576 quam
291 2502 398 2574 posse
423 2477 610 2549 conducere
631 2476 674 2548 ad
693 2477 819 2549 bonum
845 2476 1015 2549 societatis
1041 2475 1163 2574 legem,
1193 2501 1283 2574 quae

161 2607 280 2691 aperta
310 2591 415 2667 veluti
446 2593 555 2665 fronte
580 2611 676 2664 cum·
696 2591 859 2688 religione
888 2591 1069 2664 cohaerere
1104 2618 1172 2664 non
1203 2617 1283 2689 pos-

158 2708 223 2806 sit,
243 2734 346 2806 quam
365 2735 504 2805 regnum
523 2708 577 2780 vel
597 2707 791 2806 respublica
808 2708 986 2806 profitetur
1002 2710 1096 2802 (11).
1113 2708 1197 2780 Nam
1215 2708 1279 2781 etsi

158 2807 340 2924 quaelibet
365 2825 510 2898 societas
537 2823 605 2896 alat
630 2824 752 2921 iugiter
776 2825 810 2895 in
838 2825 916 2897 sinu
941 2824 1096 2896 homines
1122 2822 1275 2920 exleges,

156 2940 456 3040 libertinosatque
474 2967 671 3039 perversos
693 2967 780 3038 quos
797 2961 885 3023 verej
898 2966 1051 3015 evomere
1076 2940 1202 3011 dixeris
1228 2940 1280 3010 in-

159 3056 292 3128 fernum
305 3056 349 3129 ad
363 3056 534 3129 societatis
549 3056 659 3153 ipsiu's
673 3055 818 3141 ruinam,
841 3055 883 3127 ad
902 3054 1066 3126 malorum
1084 3053 1221 3126 exitium
1247 3070 1281 3127 et

161 3171 384 3258 scandalum‚'
407 3172 640 3270 bonorumque
661 3170 952 3257 exercitationem,
977 3186 1205 3243 verumtamen
1224 3195 1281 3267 po·

164 3285 268 3384 pulus
287 3285 353 3359 uhi
379 3287 415 3357 in
441 3287 635 3358 universum
663 3301 845 3383 spectetur,
875 3302 1058 3383 numquam
1077 3310 1117 3355 ex
1135 3284 1277 3382 perditis

231 3501 283 3563 (ιι)
299 3503 394 3551 Sanesi
407 3501 572 3552 sarmositde
583 3503 648 3551 statu
665 3500 815 3564 subalpino,
835 3501 860 3549 in
878 3502 986 3550 statuto
1004 3501 1198 3551 costituttouolt
1214 3501 1281 3551 illius

159 3580 227 3643 regui
246 3581 341 3643 primus
350 3580 391 3630 hle
404 3580 522 3632 articulos
531 3580 635 3644 legitur:
650 3579 1009 3642 «1.LaReligi0necattolioa,
1021 3579 1166 3643 apostolica,
1180 3593 1281 3629 romana

156 3658 171 3708 d
184 3659 213 3710 lc
222 3659 283 3711 sola
294 3658 420 3723 religione
432 3660 502 3710 dello
512 3655 608 3709 stato.»
628 3673 631 3680 ·

232 3748 255 3791 2.
272 3741 293 3791 ll
308 3744 342 3791 Re
359 3741 379 3790 si
397 3743 475 3804 glorie
490 3741 516 3791 di
537 3756 616 3792 essere
634 3742 768 3805 protettore
786 3742 852 3790 della
870 3741 960 3791 chiesa.
980 3744 1014 3790 ot
1029 3753 1204 3804 promuooere
1219 3740 1279 3789 l’os·

155 3832 289 3870 streonae
298 3819 368 3893 delle
378 3820 445 3885 leqpi
456 3822 482 3870 di
493 3834 547 3872 essa
557 3822 619 3872 nelle
630 3822 741 3885 materie,
754 3823 798 3872 ohe
807 3823 855 3871 alla
866 3822 961 3886 potesta
970 3822 1034 3872 della
1044 3821 1178 3887 medeslme
1193 3834 1279 3883 appar·

159 3901 276 3963 longono.
295 3914 297 3920 ’

234 3985 245 4031 l
259 3982 394 4044 magistrati
406 3983 514 4046 supremi
525 3984 682 4046 vegliereono
692 3999 706 4033 a
716 3985 761 4034 che
771 3985 791 4033 sl
803 3986 931 4046 manteoga
941 3984 957 4032 il
970 3983 1081 4046 migliore
1092 3981 1195 4032 aecordo
1207 3983 1244 4030 tra
1254 3983 1277 4031 la

160 4057 269 4109 chiesa'e
284 4060 308 4109 Ιο
319 4061 397 4123 stato,
408 4061 438 4110 ed
448 4075 462 4109 a
474 4061 507 4110 tal
519 4061 566 4110 fine
576 4063 769 4111 continueranoo
787 4063 818 4111 ad
838 4064 966 4113 esereilere
982 4062 1006 4111 la
1021 4063 1072 4110 loro
1088 4061 1194 4109 autorlle
1204 4074 1217 4109 e
1226 4060 1278 4122 giu·

156 4138 326 4189 risdlzlone'in
336 4141 376 4190 eid
385 4141 430 4191 che
441 4154 561 4191 concerno
570 4142 602 4205 gli
614 4143 685 4191 ellari
697 4143 855 4193 ecclesiastici
867 4143 972 4193 secondo
984 4143 1029 4190 che
1043 4142 1058 4190 Ι·
1068 4153 1112 4190 oso
1123 4154 1137 4190 e
1147 4140 1170 4189 la
1182 4140 1280 4202 ragione

159 4217 330 4269 riehiedonos
532 4222 535 4230 “

231 4299 293 4356 Quis
308 4301 365 4363 post
380 4299 440 4350 haee
457 4301 596 4364 suspicatus
606 4301 683 4363 asset,
695 4302 732 4351 tot
744 4303 854 4365 potuisse
864 4295 994 4350 aremitiis
1003 4298 1212 4361 subalpinisleges
1223 4312 1277 4360 pro·

159 4379 217 4440 poni
229 4392 259 4430 ae
276 4377 381 4446 artrreiri,¹
392 4383 580 4446 ‘quaeevertont
590 4382 717 4447 moechos
725 4382 793 4446 ipsos
803 4381 999 4433 fundamentales
1008 4379 1099 4432 statuti
1109 4379 1241 4431 articulos?
