<?xml version="1.0" encoding="UTF-8"?>
<!DOCTYPE html PUBLIC "-//W3C//DTD XHTML 1.0 Transitional//EN"
    "http://www.w3.org/TR/xhtml1/DTD/xhtml1-transitional.dtd">
<html xmlns="http://www.w3.org/1999/xhtml" xml:lang="en" lang="en">
 <head>
  <title>
</title>
<meta http-equiv="Content-Type" content="text/html;charset=utf-8" />
  <meta name='ocr-system' content='tesseract 3.04.00' />
  <meta name='ocr-capabilities' content='ocr_page ocr_carea ocr_par ocr_line ocrx_word'/>
</head>
<body>
  <div class='ocr_page' id='page_1' title='image "./dematrimoniochr00perrgoog_0275.png"; bbox 0 0 2872 5062; ppageno 0'>
   <div class='ocr_carea' id='block_1_1' title="bbox 165 304 1063 377">
    <p class='ocr_par' dir='ltr' id='par_1_1' title="bbox 165 304 1063 377">
     <span class='ocr_line' id='line_1_1' title="bbox 165 304 1063 377; baseline 0.003 -6"><span class='ocrx_word' id='word_1_1' title='bbox 165 304 232 373; x_wconf 79' lang='lat' dir='ltr'>tte</span> <span class='ocrx_word' id='word_1_2' title='bbox 362 328 423 375; x_wconf 82' lang='lat' dir='ltr'>nm.</span> <span class='ocrx_word' id='word_1_3' title='bbox 445 328 468 374; x_wconf 86' lang='lat' dir='ltr'>r.</span> <span class='ocrx_word' id='word_1_4' title='bbox 490 326 576 375; x_wconf 81' lang='lat' dir='ltr'>srcr.</span> <span class='ocrx_word' id='word_1_5' title='bbox 595 327 723 375; x_wconf 75' lang='lat' dir='ltr'>anunm.</span> <span class='ocrx_word' id='word_1_6' title='bbox 744 327 784 374; x_wconf 89' lang='lat' dir='ltr'>nn</span> <span class='ocrx_word' id='word_1_7' title='bbox 802 328 934 377; x_wconf 80' lang='lat' dir='ltr'>unrmrr.</span> <span class='ocrx_word' id='word_1_8' title='bbox 956 327 1063 376; x_wconf 83' lang='lat' dir='ltr'>crvrrr.</span> 
     </span>
    </p>
   </div>
   <div class='ocr_carea' id='block_1_2' title="bbox 594 493 835 551">
    <p class='ocr_par' dir='ltr' id='par_1_2' title="bbox 594 493 835 551">
     <span class='ocr_line' id='line_1_2' title="bbox 594 493 835 551; baseline -0.008 -1"><span class='ocrx_word' id='word_1_9' title='bbox 594 493 756 551; x_wconf 57' lang='lat' dir='ltr'>&amp;APUT</span> <span class='ocrx_word' id='word_1_10' title='bbox 778 495 835 548; x_wconf 88' lang='lat'>11.</span> 
     </span>
    </p>
   </div>
   <div class='ocr_carea' id='block_1_3' title="bbox 223 659 1121 718">
    <p class='ocr_par' dir='ltr' id='par_1_3' title="bbox 223 659 1121 718">
     <span class='ocr_line' id='line_1_3' title="bbox 223 659 1121 718; baseline 0.002 -7"><span class='ocrx_word' id='word_1_11' title='bbox 223 703 226 711; x_wconf 92' lang='lat'><em>.</em></span> <span class='ocrx_word' id='word_1_12' title='bbox 301 665 341 712; x_wconf 66' lang='lat' dir='ltr'>It!</span> <span class='ocrx_word' id='word_1_13' title='bbox 366 664 553 714; x_wconf 73' lang='lat' dir='ltr'>uatnluottlt</span> <span class='ocrx_word' id='word_1_14' title='bbox 579 664 690 715; x_wconf 79' lang='lat' dir='ltr'>ctvltts</span> <span class='ocrx_word' id='word_1_15' title='bbox 716 666 844 716; x_wconf 81' lang='lat' dir='ltr'>OlthlNll</span> <span class='ocrx_word' id='word_1_16' title='bbox 869 666 906 714; x_wconf 76' lang='grc' dir='ltr'>ΕΤ</span> <span class='ocrx_word' id='word_1_17' title='bbox 933 659 1121 718; x_wconf 77' lang='lat' dir='ltr'>PROGRESSU.</span> 
     </span>
    </p>
   </div>
   <div class='ocr_carea' id='block_1_4' title="bbox 592 829 837 887">
    <p class='ocr_par' dir='ltr' id='par_1_4' title="bbox 592 829 837 887">
     <span class='ocr_line' id='line_1_4' title="bbox 592 829 837 887; baseline 0.008 -2"><span class='ocrx_word' id='word_1_18' title='bbox 592 829 800 887; x_wconf 77' lang='lat' dir='ltr'>ARTlCULUS</span> <span class='ocrx_word' id='word_1_19' title='bbox 814 831 837 887; x_wconf 88' lang='lat' dir='ltr'>l.</span> 
     </span>
    </p>
   </div>
   <div class='ocr_carea' id='block_1_5' title="bbox 272 984 1150 1159">
    <p class='ocr_par' dir='ltr' id='par_1_5' title="bbox 272 984 1150 1159">
     <span class='ocr_line' id='line_1_5' title="bbox 272 984 1150 1064; baseline 0.002 -19"><span class='ocrx_word' id='word_1_20' title='bbox 272 984 372 1062; x_wconf 84' lang='lat' dir='ltr'>Neque</span> <span class='ocrx_word' id='word_1_21' title='bbox 392 989 421 1044; x_wconf 88' lang='lat' dir='ltr'>tn</span> <span class='ocrx_word' id='word_1_22' title='bbox 442 986 654 1060; x_wconf 75' lang='lat' dir='ltr'>ecclesiastica,</span> <span class='ocrx_word' id='word_1_23' title='bbox 677 999 769 1061; x_wconf 91' lang='lat' dir='ltr'>neque</span> <span class='ocrx_word' id='word_1_24' title='bbox 789 987 819 1043; x_wconf 86' lang='lat' dir='ltr'>tn</span> <span class='ocrx_word' id='word_1_25' title='bbox 841 986 955 1045; x_wconf 88' lang='lat' dir='ltr'>etbntca</span> <span class='ocrx_word' id='word_1_26' title='bbox 975 989 1150 1064; x_wconf 77' lang='lat' dir='ltr'><strong>antiquitate</strong></span> 
     </span>
     <span class='ocr_line' id='line_1_6' title="bbox 382 1084 1043 1159; baseline 0.002 -17"><span class='ocrx_word' id='word_1_27' title='bbox 382 1085 558 1143; x_wconf 86' lang='lat' dir='ltr'>matrimonil</span> <span class='ocrx_word' id='word_1_28' title='bbox 578 1084 673 1142; x_wconf 84' lang='lat' dir='ltr'>civilis</span> <span class='ocrx_word' id='word_1_29' title='bbox 695 1085 776 1158; x_wconf 86' lang='lat' dir='ltr'>origo</span> <span class='ocrx_word' id='word_1_30' title='bbox 796 1085 919 1142; x_wconf 82' lang='lat' dir='ltr'>inveniri</span> <span class='ocrx_word' id='word_1_31' title='bbox 939 1089 1043 1159; x_wconf 86' lang='lat' dir='ltr'>potest.</span> 
     </span>
    </p>
   </div>
   <div class='ocr_carea' id='block_1_6' title="bbox 91 1234 1294 4341">
    <p class='ocr_par' dir='ltr' id='par_1_6' title="bbox 116 1234 1270 1886">
     <span class='ocr_line' id='line_1_7' title="bbox 233 1234 1270 1334; baseline 0.003 -29"><span class='ocrx_word' id='word_1_32' title='bbox 233 1235 389 1331; x_wconf 82' lang='lat' dir='ltr'>Magnum</span> <span class='ocrx_word' id='word_1_33' title='bbox 422 1261 555 1332; x_wconf 84' lang='lat' dir='ltr'><strong>semper</strong></span> <span class='ocrx_word' id='word_1_34' title='bbox 583 1235 691 1308; x_wconf 89' lang='lat' dir='ltr'>cuivis</span> <span class='ocrx_word' id='word_1_35' title='bbox 722 1261 846 1308; x_wconf 88' lang='lat' dir='ltr'>causae</span> <span class='ocrx_word' id='word_1_36' title='bbox 876 1234 1034 1306; x_wconf 87' lang='lat' dir='ltr'>damnum</span> <span class='ocrx_word' id='word_1_37' title='bbox 1060 1234 1170 1307; x_wconf 89' lang='lat' dir='ltr'>attulit</span> <span class='ocrx_word' id='word_1_38' title='bbox 1194 1236 1270 1334; x_wconf 89' lang='lat' dir='ltr'>ipsa</span> 
     </span>
     <span class='ocr_line' id='line_1_8' title="bbox 160 1349 1268 1448; baseline 0 -27"><span class='ocrx_word' id='word_1_39' title='bbox 160 1351 207 1422; x_wconf 88' lang='lat' dir='ltr'>rei</span> <span class='ocrx_word' id='word_1_40' title='bbox 229 1350 359 1423; x_wconf 89' lang='lat' dir='ltr'>novitas</span> <span class='ocrx_word' id='word_1_41' title='bbox 377 1349 412 1419; x_wconf 91' lang='lat' dir='ltr'>in</span> <span class='ocrx_word' id='word_1_42' title='bbox 431 1350 486 1434; x_wconf 90' lang='lat' dir='ltr'>iis,</span> <span class='ocrx_word' id='word_1_43' title='bbox 508 1375 595 1448; x_wconf 89' lang='lat' dir='ltr'>quae</span> <span class='ocrx_word' id='word_1_44' title='bbox 615 1350 659 1422; x_wconf 90' lang='lat' dir='ltr'>ad</span> <span class='ocrx_word' id='word_1_45' title='bbox 679 1350 875 1447; x_wconf 78' lang='lat' dir='ltr'>religionem</span> <span class='ocrx_word' id='word_1_46' title='bbox 895 1365 1058 1448; x_wconf 87' lang='lat' dir='ltr'>spectant.</span> <span class='ocrx_word' id='word_1_47' title='bbox 1076 1350 1220 1424; x_wconf 41' lang='lat' dir='ltr'>Novitas&gt;</span> <span class='ocrx_word' id='word_1_48' title='bbox 1233 1351 1268 1421; x_wconf 94' lang='lat' dir='ltr'>in</span> 
     </span>
     <span class='ocr_line' id='line_1_9' title="bbox 160 1464 1270 1563; baseline 0.003 -28"><span class='ocrx_word' id='word_1_49' title='bbox 160 1464 332 1561; x_wconf 81' lang='lat' dir='ltr'>religionis</span> <span class='ocrx_word' id='word_1_50' title='bbox 358 1465 490 1561; x_wconf 82' lang='lat' dir='ltr'>negotio</span> <span class='ocrx_word' id='word_1_51' title='bbox 515 1481 641 1537; x_wconf 89' lang='lat' dir='ltr'>certum</span> <span class='ocrx_word' id='word_1_52' title='bbox 664 1482 715 1538; x_wconf 90' lang='lat' dir='ltr'>est</span> <span class='ocrx_word' id='word_1_53' title='bbox 736 1464 897 1538; x_wconf 88' lang='lat' dir='ltr'>indicium</span> <span class='ocrx_word' id='word_1_54' title='bbox 923 1465 1096 1550; x_wconf 82' lang='lat' dir='ltr'>falsitatis,</span> <span class='ocrx_word' id='word_1_55' title='bbox 1121 1491 1270 1563; x_wconf 89' lang='lat' dir='ltr'>praeser-</span> 
     </span>
     <span class='ocr_line' id='line_1_10' title="bbox 116 1572 1270 1678; baseline 0.002 -28"><span class='ocrx_word' id='word_1_56' title='bbox 116 1572 120 1581; x_wconf 69' lang='grc'><em>’</em></span> <span class='ocrx_word' id='word_1_57' title='bbox 159 1581 218 1651; x_wconf 92' lang='lat' dir='ltr'>tim</span> <span class='ocrx_word' id='word_1_58' title='bbox 237 1580 266 1652; x_wconf 93' lang='lat' dir='ltr'>si</span> <span class='ocrx_word' id='word_1_59' title='bbox 286 1580 424 1652; x_wconf 85' lang='lat' dir='ltr'>novitati</span> <span class='ocrx_word' id='word_1_60' title='bbox 449 1578 614 1652; x_wconf 87' lang='lat' dir='ltr'>ecclesiae</span> <span class='ocrx_word' id='word_1_61' title='bbox 641 1579 830 1678; x_wconf 81' lang='lat' dir='ltr'>reprobatio</span> <span class='ocrx_word' id='word_1_62' title='bbox 855 1580 1045 1654; x_wconf 87' lang='lat' dir='ltr'>accesserit.</span> <span class='ocrx_word' id='word_1_63' title='bbox 1072 1579 1167 1652; x_wconf 89' lang='lat' dir='ltr'>Talia</span> <span class='ocrx_word' id='word_1_64' title='bbox 1190 1606 1270 1654; x_wconf 79' lang='lat' dir='ltr'>vero</span> 
     </span>
     <span class='ocr_line' id='line_1_11' title="bbox 158 1693 1270 1794; baseline 0 -26"><span class='ocrx_word' id='word_1_65' title='bbox 158 1721 235 1768; x_wconf 92' lang='lat' dir='ltr'>esse</span> <span class='ocrx_word' id='word_1_66' title='bbox 259 1694 427 1769; x_wconf 92' lang='lat' dir='ltr'>connubia</span> <span class='ocrx_word' id='word_1_67' title='bbox 457 1693 570 1769; x_wconf 87' lang='lat' dir='ltr'>civilia</span> <span class='ocrx_word' id='word_1_68' title='bbox 599 1721 703 1794; x_wconf 89' lang='lat' dir='ltr'>penes</span> <span class='ocrx_word' id='word_1_69' title='bbox 733 1695 971 1768; x_wconf 88' lang='lat' dir='ltr'>christifideles</span> <span class='ocrx_word' id='word_1_70' title='bbox 998 1721 1051 1768; x_wconf 85' lang='lat' dir='ltr'>ree</span> <span class='ocrx_word' id='word_1_71' title='bbox 1083 1712 1136 1768; x_wconf 90' lang='lat' dir='ltr'>est</span> <span class='ocrx_word' id='word_1_72' title='bbox 1159 1695 1270 1794; x_wconf 75' lang='lat' dir='ltr'>exple</span> 
     </span>
     <span class='ocr_line' id='line_1_12' title="bbox 158 1811 340 1886; baseline 0.005 -5"><span class='ocrx_word' id='word_1_73' title='bbox 158 1811 340 1886; x_wconf 89' lang='lat' dir='ltr'>ratissima.</span> 
     </span>
    </p>

    <p class='ocr_par' dir='ltr' id='par_1_7' title="bbox 157 1928 1269 2948">
     <span class='ocr_line' id='line_1_13' title="bbox 202 1928 1264 2028; baseline 0.001 -30"><span class='ocrx_word' id='word_1_74' title='bbox 202 1929 374 2028; x_wconf 77' lang='lat' dir='ltr'>¹lluquo</span> <span class='ocrx_word' id='word_1_75' title='bbox 403 1929 493 2002; x_wconf 91' lang='lat' dir='ltr'>enim</span> <span class='ocrx_word' id='word_1_76' title='bbox 522 1929 707 2002; x_wconf 90' lang='lat' dir='ltr'>christiana</span> <span class='ocrx_word' id='word_1_77' title='bbox 737 1929 856 2027; x_wconf 83' lang='lat' dir='ltr'>religio</span> <span class='ocrx_word' id='word_1_78' title='bbox 886 1928 1102 2002; x_wconf 88' lang='lat' dir='ltr'>disseminari</span> <span class='ocrx_word' id='word_1_79' title='bbox 1133 1928 1264 2026; x_wconf 90' lang='lat' dir='ltr'>coepit,</span> 
     </span>
     <span class='ocr_line' id='line_1_14' title="bbox 158 2042 1267 2143; baseline 0.001 -29"><span class='ocrx_word' id='word_1_80' title='bbox 158 2042 307 2116; x_wconf 88' lang='lat' dir='ltr'>fidelium</span> <span class='ocrx_word' id='word_1_81' title='bbox 333 2045 496 2140; x_wconf 81' lang='lat' dir='ltr'>coniugia·</span> <span class='ocrx_word' id='word_1_82' title='bbox 514 2059 683 2143; x_wconf 64' lang='lat' dir='ltr'>umquam</span> <span class='ocrx_word' id='word_1_83' title='bbox 710 2072 806 2118; x_wconf 88' lang='lat' dir='ltr'>sacra</span> <span class='ocrx_word' id='word_1_84' title='bbox 831 2045 948 2117; x_wconf 87' lang='lat' dir='ltr'>habite</span> <span class='ocrx_word' id='word_1_85' title='bbox 969 2044 1101 2116; x_wconf 90' lang='lat' dir='ltr'>suntin</span> <span class='ocrx_word' id='word_1_86' title='bbox 1124 2043 1267 2117; x_wconf 88' lang='lat' dir='ltr'>ccclesia</span> 
     </span>
     <span class='ocr_line' id='line_1_15' title="bbox 158 2158 1263 2258; baseline 0.001 -29"><span class='ocrx_word' id='word_1_87' title='bbox 158 2159 332 2246; x_wconf 88' lang='lat' dir='ltr'>universa,</span> <span class='ocrx_word' id='word_1_88' title='bbox 362 2176 463 2258; x_wconf 88' lang='lat' dir='ltr'>atque</span> <span class='ocrx_word' id='word_1_89' title='bbox 488 2159 531 2231; x_wconf 90' lang='lat' dir='ltr'>ab</span> <span class='ocrx_word' id='word_1_90' title='bbox 556 2186 596 2232; x_wconf 91' lang='lat' dir='ltr'>ea</span> <span class='ocrx_word' id='word_1_91' title='bbox 621 2160 816 2256; x_wconf 81' lang='lat' dir='ltr'>regendaet</span> <span class='ocrx_word' id='word_1_92' title='bbox 833 2159 1051 2232; x_wconf 69' lang='lat' dir='ltr'>moderanda.¹</span> <span class='ocrx_word' id='word_1_93' title='bbox 1072 2158 1263 2257; x_wconf 79' lang='lat' dir='ltr'>Siquidem,</span> 
     </span>
     <span class='ocr_line' id='line_1_16' title="bbox 157 2272 1269 2372; baseline -0.004 -26"><span class='ocrx_word' id='word_1_94' title='bbox 157 2301 274 2372; x_wconf 90' lang='lat' dir='ltr'>quum,</span> <span class='ocrx_word' id='word_1_95' title='bbox 295 2274 435 2347; x_wconf 87' lang='lat' dir='ltr'>docente</span> <span class='ocrx_word' id='word_1_96' title='bbox 448 2273 623 2372; x_wconf 79' lang='lat' dir='ltr'>Apostolo,</span> <span class='ocrx_word' id='word_1_97' title='bbox 640 2272 989 2356; x_wconf 87' lang='lat' dir='ltr'>christianiconuubii</span> <span class='ocrx_word' id='word_1_98' title='bbox 1007 2272 1087 2345; x_wconf 89' lang='lat' dir='ltr'>finis</span> <span class='ocrx_word' id='word_1_99' title='bbox 1099 2273 1216 2359; x_wconf 85' lang='lat' dir='ltr'>luerit,</span> <span class='ocrx_word' id='word_1_100' title='bbox 1232 2286 1269 2344; x_wconf 92' lang='lat' dir='ltr'>ut</span> 
     </span>
     <span class='ocr_line' id='line_1_17' title="bbox 158 2387 1267 2477; baseline -0.002 -15"><span class='ocrx_word' id='word_1_101' title='bbox 158 2390 265 2464; x_wconf 88' lang='lat' dir='ltr'>lorma</span> <span class='ocrx_word' id='word_1_102' title='bbox 288 2406 397 2477; x_wconf 89' lang='lat' dir='ltr'>esset,</span> <span class='ocrx_word' id='word_1_103' title='bbox 426 2390 498 2463; x_wconf 86' lang='lat' dir='ltr'>sive</span> <span class='ocrx_word' id='word_1_104' title='bbox 524 2391 559 2461; x_wconf 93' lang='lat' dir='ltr'>in</span> <span class='ocrx_word' id='word_1_105' title='bbox 585 2416 660 2465; x_wconf 90' lang='lat' dir='ltr'>sese</span> <span class='ocrx_word' id='word_1_106' title='bbox 686 2390 822 2463; x_wconf 84' lang='lat' dir='ltr'>referret</span> <span class='ocrx_word' id='word_1_107' title='bbox 837 2389 1114 2464; x_wconf 82' lang='lat' dir='ltr'>&#39;coniunctionem</span> <span class='ocrx_word' id='word_1_108' title='bbox 1141 2387 1267 2461; x_wconf 82' lang='lat' dir='ltr'>Christi</span> 
     </span>
     <span class='ocr_line' id='line_1_18' title="bbox 158 2502 1267 2601; baseline -0.005 -22"><span class='ocrx_word' id='word_1_109' title='bbox 158 2532 233 2579; x_wconf 92' lang='lat' dir='ltr'>cum</span> <span class='ocrx_word' id='word_1_110' title='bbox 260 2505 419 2592; x_wconf 89' lang='lat' dir='ltr'>ecclesia,</span> <span class='ocrx_word' id='word_1_111' title='bbox 442 2521 476 2578; x_wconf 88' lang='lat' dir='ltr'>et</span> <span class='ocrx_word' id='word_1_112' title='bbox 492 2505 635 2601; x_wconf 76' lang='lat' dir='ltr'>¹signum</span> <span class='ocrx_word' id='word_1_113' title='bbox 660 2505 776 2578; x_wconf 84' lang='lat' dir='ltr'>efficax</span> <span class='ocrx_word' id='word_1_114' title='bbox 797 2505 940 2601; x_wconf 79' lang='lat' dir='ltr'>gratiae,</span> <span class='ocrx_word' id='word_1_115' title='bbox 965 2503 1142 2577; x_wconf 83' lang='lat' dir='ltr'>conserens</span> <span class='ocrx_word' id='word_1_116' title='bbox 1169 2502 1267 2575; x_wconf 88' lang='lat' dir='ltr'>nimi-</span> 
     </span>
     <span class='ocr_line' id='line_1_19' title="bbox 157 2617 1267 2717; baseline -0.004 -26"><span class='ocrx_word' id='word_1_117' title='bbox 157 2647 230 2691; x_wconf 89' lang='lat' dir='ltr'>rum</span> <span class='ocrx_word' id='word_1_118' title='bbox 249 2621 391 2717; x_wconf 76' lang='lat' dir='ltr'>gratiam</span> <span class='ocrx_word' id='word_1_119' title='bbox 412 2619 455 2691; x_wconf 89' lang='lat' dir='ltr'>ad</span> <span class='ocrx_word' id='word_1_120' title='bbox 476 2618 686 2692; x_wconf 87' lang='lat' dir='ltr'>dilectionem</span> <span class='ocrx_word' id='word_1_121' title='bbox 709 2617 996 2717; x_wconf 81' lang='lat' dir='ltr'>supernaturalem</span> <span class='ocrx_word' id='word_1_122' title='bbox 1016 2617 1195 2690; x_wconf 84' lang='lat' dir='ltr'>fovendam</span> <span class='ocrx_word' id='word_1_123' title='bbox 1216 2617 1267 2687; x_wconf 86' lang='lat' dir='ltr'>iu·</span> 
     </span>
     <span class='ocr_line' id='line_1_20' title="bbox 157 2731 1266 2834; baseline -0.003 -28"><span class='ocrx_word' id='word_1_124' title='bbox 157 2749 208 2806; x_wconf 92' lang='lat' dir='ltr'>ter</span> <span class='ocrx_word' id='word_1_125' title='bbox 233 2735 410 2830; x_wconf 77' lang='lat' dir='ltr'>coniugeS,</span> <span class='ocrx_word' id='word_1_126' title='bbox 434 2734 498 2807; x_wconf 91' lang='lat' dir='ltr'>bno</span> <span class='ocrx_word' id='word_1_127' title='bbox 520 2735 595 2834; x_wconf 92' lang='lat' dir='ltr'>ipso</span> <span class='ocrx_word' id='word_1_128' title='bbox 616 2734 815 2808; x_wconf 90' lang='lat' dir='ltr'>sacramenti</span> <span class='ocrx_word' id='word_1_129' title='bbox 841 2733 926 2806; x_wconf 89' lang='lat' dir='ltr'>ratio</span> <span class='ocrx_word' id='word_1_130' title='bbox 946 2731 1185 2832; x_wconf 88' lang='lat' dir='ltr'>inseparabilis</span> <span class='ocrx_word' id='word_1_131' title='bbox 1212 2758 1266 2804; x_wconf 83' lang='lat' dir='ltr'>ex-</span> 
     </span>
     <span class='ocr_line' id='line_1_21' title="bbox 157 2848 817 2948; baseline -0.003 -27"><span class='ocrx_word' id='word_1_132' title='bbox 157 2850 225 2922; x_wconf 91' lang='lat' dir='ltr'>titit</span> <span class='ocrx_word' id='word_1_133' title='bbox 249 2877 269 2922; x_wconf 92' lang='lat' dir='ltr'>a</span> <span class='ocrx_word' id='word_1_134' title='bbox 294 2849 478 2923; x_wconf 88' lang='lat' dir='ltr'>christiano</span> <span class='ocrx_word' id='word_1_135' title='bbox 503 2850 636 2923; x_wconf 87' lang='lat' dir='ltr'>loedere</span> <span class='ocrx_word' id='word_1_136' title='bbox 662 2848 817 2948; x_wconf 90' lang='lat' dir='ltr'>nuptiali.</span> 
     </span>
    </p>

    <p class='ocr_par' dir='ltr' id='par_1_8' title="bbox 91 2961 1294 4341">
     <span class='ocr_line' id='line_1_22' title="bbox 229 2961 1264 3059; baseline -0.008 -21"><span class='ocrx_word' id='word_1_137' title='bbox 229 2967 300 3038; x_wconf 88' lang='lat' dir='ltr'>Hac</span> <span class='ocrx_word' id='word_1_138' title='bbox 326 2966 368 3038; x_wconf 92' lang='lat' dir='ltr'>de</span> <span class='ocrx_word' id='word_1_139' title='bbox 393 2991 497 3038; x_wconf 88' lang='lat' dir='ltr'>causa</span> <span class='ocrx_word' id='word_1_140' title='bbox 523 2981 558 3037; x_wconf 95' lang='lat' dir='ltr'>ut</span> <span class='ocrx_word' id='word_1_141' title='bbox 583 2963 703 3036; x_wconf 90' lang='lat' dir='ltr'>intima</span> <span class='ocrx_word' id='word_1_142' title='bbox 723 2964 807 3036; x_wconf 89' lang='lat' dir='ltr'>haec</span> <span class='ocrx_word' id='word_1_143' title='bbox 836 2962 1087 3036; x_wconf 89' lang='lat' dir='ltr'>sacramentalis</span> <span class='ocrx_word' id='word_1_144' title='bbox 1120 2961 1264 3059; x_wconf 81' lang='lat' dir='ltr'>coniugii</span> 
     </span>
     <span class='ocr_line' id='line_1_23' title="bbox 156 3078 1294 3182; baseline -0.004 -27"><span class='ocrx_word' id='word_1_145' title='bbox 156 3082 332 3156; x_wconf 91' lang='lat' dir='ltr'>christiani</span> <span class='ocrx_word' id='word_1_146' title='bbox 358 3081 505 3182; x_wconf 85' lang='lat' dir='ltr'>qualitas</span> <span class='ocrx_word' id='word_1_147' title='bbox 535 3081 599 3153; x_wconf 88' lang='lat' dir='ltr'>sub</span> <span class='ocrx_word' id='word_1_148' title='bbox 630 3107 751 3154; x_wconf 88' lang='lat' dir='ltr'>sensns</span> <span class='ocrx_word' id='word_1_149' title='bbox 781 3078 1027 3179; x_wconf 90' lang='lat' dir='ltr'>quodammodo</span> <span class='ocrx_word' id='word_1_150' title='bbox 1053 3079 1206 3167; x_wconf 90' lang='lat' dir='ltr'>caderet,</span> <span class='ocrx_word' id='word_1_151' title='bbox 1233 3093 1294 3180; x_wconf 86' lang='lat' dir='ltr'>ct¹</span> 
     </span>
     <span class='ocr_line' id='line_1_24' title="bbox 91 3194 1267 3295; baseline -0.005 -25"><span class='ocrx_word' id='word_1_152' title='bbox 91 3274 95 3280; x_wconf 73' lang='grc'><em>,</em></span> <span class='ocrx_word' id='word_1_153' title='bbox 157 3197 306 3270; x_wconf 90' lang='lat' dir='ltr'>omnium</span> <span class='ocrx_word' id='word_1_154' title='bbox 324 3212 508 3295; x_wconf 84' lang='lat' dir='ltr'>patesceret</span> <span class='ocrx_word' id='word_1_155' title='bbox 525 3197 671 3284; x_wconf 91' lang='lat' dir='ltr'>obtutui,</span> <span class='ocrx_word' id='word_1_156' title='bbox 689 3194 845 3281; x_wconf 86' lang='lat' dir='ltr'>ecclesia,</span> <span class='ocrx_word' id='word_1_157' title='bbox 862 3210 898 3267; x_wconf 91' lang='lat' dir='ltr'>ut</span> <span class='ocrx_word' id='word_1_158' title='bbox 912 3221 1013 3293; x_wconf 86' lang='lat' dir='ltr'>saepe</span> <span class='ocrx_word' id='word_1_159' title='bbox 1027 3195 1187 3293; x_wconf 88' lang='lat' dir='ltr'>superius</span> <span class='ocrx_word' id='word_1_160' title='bbox 1199 3194 1267 3268; x_wconf 91' lang='lat' dir='ltr'>ani·</span> 
     </span>
     <span class='ocr_line' id='line_1_25' title="bbox 156 3310 1266 3412; baseline -0.002 -28"><span class='ocrx_word' id='word_1_161' title='bbox 156 3313 413 3400; x_wconf 85' lang='lat' dir='ltr'>madvertimus,</span> <span class='ocrx_word' id='word_1_162' title='bbox 436 3313 600 3412; x_wconf 88' lang='lat' dir='ltr'>quosdam</span> <span class='ocrx_word' id='word_1_163' title='bbox 619 3313 703 3385; x_wconf 92' lang='lat' dir='ltr'>ritus</span> <span class='ocrx_word' id='word_1_164' title='bbox 724 3311 882 3399; x_wconf 85' lang='lat' dir='ltr'>adscivit,</span> <span class='ocrx_word' id='word_1_165' title='bbox 903 3311 1027 3409; x_wconf 92' lang='lat' dir='ltr'>quibus</span> <span class='ocrx_word' id='word_1_166' title='bbox 1046 3310 1184 3408; x_wconf 85' lang='lat' dir='ltr'>dignius</span> <span class='ocrx_word' id='word_1_167' title='bbox 1201 3337 1266 3382; x_wconf 89' lang='lat' dir='ltr'>me-</span> 
     </span>
     <span class='ocr_line' id='line_1_26' title="bbox 157 3427 1267 3528; baseline -0.001 -28"><span class='ocrx_word' id='word_1_168' title='bbox 157 3430 287 3528; x_wconf 93' lang='lat' dir='ltr'>iorique</span> <span class='ocrx_word' id='word_1_169' title='bbox 304 3455 378 3503; x_wconf 90' lang='lat' dir='ltr'>curn</span> <span class='ocrx_word' id='word_1_170' title='bbox 397 3430 583 3502; x_wconf 89' lang='lat' dir='ltr'>reverentia</span> <span class='ocrx_word' id='word_1_171' title='bbox 600 3456 640 3502; x_wconf 91' lang='lat' dir='ltr'>ac</span> <span class='ocrx_word' id='word_1_172' title='bbox 656 3430 870 3502; x_wconf 83' lang='lat' dir='ltr'>veneratione</span> <span class='ocrx_word' id='word_1_173' title='bbox 890 3427 1046 3524; x_wconf 85' lang='lat' dir='ltr'>coniugia</span> <span class='ocrx_word' id='word_1_174' title='bbox 1063 3427 1267 3501; x_wconf 87' lang='lat' dir='ltr'>celebraren-</span> 
     </span>
     <span class='ocr_line' id='line_1_27' title="bbox 156 3543 1265 3643; baseline -0.005 -25"><span class='ocrx_word' id='word_1_175' title='bbox 156 3562 221 3618; x_wconf 89' lang='lat' dir='ltr'>tur.</span> <span class='ocrx_word' id='word_1_176' title='bbox 251 3548 340 3618; x_wconf 87' lang='lat' dir='ltr'>lnter</span> <span class='ocrx_word' id='word_1_177' title='bbox 364 3562 473 3619; x_wconf 86' lang='lat' dir='ltr'>cetera</span> <span class='ocrx_word' id='word_1_178' title='bbox 498 3546 687 3632; x_wconf 88' lang='lat' dir='ltr'>constituit,</span> <span class='ocrx_word' id='word_1_179' title='bbox 707 3560 745 3617; x_wconf 91' lang='lat' dir='ltr'>ut</span> <span class='ocrx_word' id='word_1_180' title='bbox 770 3571 916 3643; x_wconf 91' lang='lat' dir='ltr'>sponsus</span> <span class='ocrx_word' id='word_1_181' title='bbox 942 3560 974 3616; x_wconf 90' lang='lat' dir='ltr'>et</span> <span class='ocrx_word' id='word_1_182' title='bbox 999 3571 1126 3643; x_wconf 91' lang='lat' dir='ltr'>sponsa</span> <span class='ocrx_word' id='word_1_183' title='bbox 1152 3543 1265 3618; x_wconf 91' lang='lat' dir='ltr'>inituri</span> 
     </span>
     <span class='ocr_line' id='line_1_28' title="bbox 155 3658 1264 3758; baseline -0.005 -23"><span class='ocrx_word' id='word_1_184' title='bbox 155 3662 346 3758; x_wconf 82' lang='lat' dir='ltr'>coniugium</span> <span class='ocrx_word' id='word_1_185' title='bbox 372 3688 483 3735; x_wconf 87' lang='lat' dir='ltr'>coram</span> <span class='ocrx_word' id='word_1_186' title='bbox 509 3661 681 3758; x_wconf 90' lang='lat' dir='ltr'>episcopo,</span> <span class='ocrx_word' id='word_1_187' title='bbox 699 3676 756 3732; x_wconf 88' lang='lat' dir='ltr'>aut</span> <span class='ocrx_word' id='word_1_188' title='bbox 772 3660 945 3733; x_wconf 78' lang='lat' dir='ltr'>sacerdote</span> <span class='ocrx_word' id='word_1_189' title='bbox 965 3685 1002 3731; x_wconf 90' lang='lat' dir='ltr'>se</span> <span class='ocrx_word' id='word_1_190' title='bbox 1024 3660 1201 3746; x_wconf 86' lang='lat' dir='ltr'>sisterent,</span> <span class='ocrx_word' id='word_1_191' title='bbox 1223 3658 1264 3731; x_wconf 90' lang='lat' dir='ltr'>ad</span> 
     </span>
     <span class='ocr_line' id='line_1_29' title="bbox 156 3775 1266 3875; baseline -0.005 -22"><span class='ocrx_word' id='word_1_192' title='bbox 156 3805 232 3853; x_wconf 89' lang='lat' dir='ltr'>sese</span> <span class='ocrx_word' id='word_1_193' title='bbox 251 3778 526 3852; x_wconf 88' lang='lat' dir='ltr'>communiendos</span> <span class='ocrx_word' id='word_1_194' title='bbox 545 3777 775 3850; x_wconf 89' lang='lat' dir='ltr'>benedictione</span> <span class='ocrx_word' id='word_1_195' title='bbox 793 3776 949 3875; x_wconf 89' lang='lat' dir='ltr'>nuptiali.</span> <span class='ocrx_word' id='word_1_196' title='bbox 975 3776 1067 3847; x_wconf 91' lang='lat' dir='ltr'>Haec</span> <span class='ocrx_word' id='word_1_197' title='bbox 1084 3792 1196 3848; x_wconf 90' lang='lat' dir='ltr'>autem</span> <span class='ocrx_word' id='word_1_198' title='bbox 1214 3775 1266 3847; x_wconf 80' lang='lat' dir='ltr'>be</span> 
     </span>
     <span class='ocr_line' id='line_1_30' title="bbox 156 3888 1263 3976; baseline -0.006 -9"><span class='ocrx_word' id='word_1_199' title='bbox 156 3895 302 3969; x_wconf 90' lang='lat' dir='ltr'>nedietio</span> <span class='ocrx_word' id='word_1_200' title='bbox 328 3922 395 3968; x_wconf 91' lang='lat' dir='ltr'>non</span> <span class='ocrx_word' id='word_1_201' title='bbox 421 3894 464 3966; x_wconf 89' lang='lat' dir='ltr'>ad</span> <span class='ocrx_word' id='word_1_202' title='bbox 491 3893 581 3967; x_wconf 92' lang='lat' dir='ltr'>solos</span> <span class='ocrx_word' id='word_1_203' title='bbox 608 3893 842 3967; x_wconf 85' lang='lat' dir='ltr'>contrahentes</span> <span class='ocrx_word' id='word_1_204' title='bbox 869 3889 1111 3976; x_wconf 88' lang='lat' dir='ltr'>coarctabatur,</span> <span class='ocrx_word' id='word_1_205' title='bbox 1141 3890 1201 3964; x_wconf 92' lang='lat' dir='ltr'>sed</span> <span class='ocrx_word' id='word_1_206' title='bbox 1225 3888 1263 3962; x_wconf 89' lang='lat' dir='ltr'>ad</span> 
     </span>
     <span class='ocr_line' id='line_1_31' title="bbox 157 4006 1264 4108; baseline -0.005 -26"><span class='ocrx_word' id='word_1_207' title='bbox 157 4012 294 4098; x_wconf 87' lang='lat' dir='ltr'>anulos,</span> <span class='ocrx_word' id='word_1_208' title='bbox 317 4010 408 4096; x_wconf 87' lang='lat' dir='ltr'>vela,</span> <span class='ocrx_word' id='word_1_209' title='bbox 434 4035 575 4082; x_wconf 88' lang='lat' dir='ltr'>coronas</span> <span class='ocrx_word' id='word_1_210' title='bbox 596 4009 843 4108; x_wconf 78' lang='lat' dir='ltr'>porrigebatur,</span> <span class='ocrx_word' id='word_1_211' title='bbox 867 4034 933 4106; x_wconf 93' lang='lat' dir='ltr'>quc</span> <span class='ocrx_word' id='word_1_212' title='bbox 953 4006 1127 4103; x_wconf 82' lang='lat' dir='ltr'>augustior</span> <span class='ocrx_word' id='word_1_213' title='bbox 1147 4006 1264 4079; x_wconf 90' lang='lat' dir='ltr'>solem-</span> 
     </span>
     <span class='ocr_line' id='line_1_32' title="bbox 156 4118 1264 4227; baseline -0.009 -28"><span class='ocrx_word' id='word_1_214' title='bbox 156 4128 297 4227; x_wconf 91' lang='lat' dir='ltr'>niorque</span> <span class='ocrx_word' id='word_1_215' title='bbox 322 4139 505 4224; x_wconf 89' lang='lat' dir='ltr'>apparatus</span> <span class='ocrx_word' id='word_1_216' title='bbox 528 4125 638 4211; x_wconf 90' lang='lat' dir='ltr'>lieret,</span> <span class='ocrx_word' id='word_1_217' title='bbox 660 4140 761 4223; x_wconf 92' lang='lat' dir='ltr'>atque</span> <span class='ocrx_word' id='word_1_218' title='bbox 780 4141 817 4195; x_wconf 92' lang='lat' dir='ltr'>ut</span> <span class='ocrx_word' id='word_1_219' title='bbox 839 4150 878 4194; x_wconf 82' lang='lat' dir='ltr'>ex</span> <span class='ocrx_word' id='word_1_220' title='bbox 898 4120 1093 4221; x_wconf 89' lang='lat' dir='ltr'>multiplici,</span> <span class='ocrx_word' id='word_1_221' title='bbox 1115 4147 1204 4219; x_wconf 89' lang='lat' dir='ltr'>quae</span> <span class='ocrx_word' id='word_1_222' title='bbox 1221 4118 1264 4192; x_wconf 89' lang='lat' dir='ltr'>el-</span> 
     </span>
     <span class='ocr_line' id='line_1_33' title="bbox 156 4237 1260 4341; baseline -0.009 -27"><span class='ocrx_word' id='word_1_223' title='bbox 156 4244 368 4330; x_wconf 82' lang='lat' dir='ltr'>fundebatur,</span> <span class='ocrx_word' id='word_1_224' title='bbox 391 4267 489 4341; x_wconf 90' lang='lat' dir='ltr'>prece</span> <span class='ocrx_word' id='word_1_225' title='bbox 505 4242 642 4315; x_wconf 87' lang='lat' dir='ltr'>uberior</span> <span class='ocrx_word' id='word_1_226' title='bbox 661 4267 763 4340; x_wconf 89' lang='lat' dir='ltr'>super</span> <span class='ocrx_word' id='word_1_227' title='bbox 785 4266 928 4341; x_wconf 91' lang='lat' dir='ltr'>sponsos</span> <span class='ocrx_word' id='word_1_228' title='bbox 949 4237 1056 4336; x_wconf 77' lang='lat' dir='ltr'>gratia</span> <span class='ocrx_word' id='word_1_229' title='bbox 1080 4237 1260 4316; x_wconf 85' lang='lat' dir='ltr'>obveniret.</span> 
     </span>
    </p>
   </div>
   <div class='ocr_carea' id='block_1_7' title="bbox 0 0 1440 5062">
    <p class='ocr_par' dir='ltr' id='par_1_9' title="bbox 0 0 1440 5062">
     <span class='ocr_line' id='line_1_34' title="bbox 0 0 1440 5062; baseline 0 1"><span class='ocrx_word' id='word_1_230' title='bbox 0 0 1440 5062; x_wconf 95' lang='lat' dir='ltr'> </span> 
     </span>
    </p>
   </div>
  </div>
 </body>
</html>
