2872 5062
160 351 227 420 tte
351 373 410 422 uro.
431 373 455 421 1.
476 371 561 420 seur.
576 371 598 420 1.
620 371 659 419 nn
677 369 809 419 nrrrme¹
827 368 1038 421 siemunnro.

157 491 299 563 alienam
331 489 521 562 societatem
556 487 746 559 transierit:
778 487 908 558 etiamsi
933 487 1123 560 commixtio
1146 515 1259 562 earnis

157 606 225 677 illie
250 600 427 702 sequatur,
455 603 497 674 ad
523 598 667 700 priorem
693 619 802 673 tamen
829 602 1039 687 societatem,
1059 602 1179 701 inqua
1203 631 1259 676 aa·

157 717 353 792 eructantem
382 720 525 816 eouiupt'i
556 716 720 789 sancitum
745 731 815 802 est,
842 732 875 788 et
900 704 1078 815 postquam
1112 719 1259 792 secunda

158 833 277 934 copula
300 834 416 906 illicita
438 833 571 909 omnino
592 832 776 918 iudicatur,
798 830 905 903 redire
923 831 1056 905 debebit
1071 835 1159 928 (8).»
1175 837 1258 906 Tum

158 948 223 1021 sibi
237 948 467 1047 quaestionem
481 973 686 1047 proponenS,
704 946 785 1046 quid
798 946 963 1043 agendum
976 946 1020 1018 sit
1033 947 1069 1018 in
1081 974 1175 1034 casu,
1192 976 1260 1047 quo

50 1105 54 1112 ·
158 1064 226 1150 illi,
254 1065 312 1162 qui
336 1062 545 1135 clandestina
570 1064 697 1134 ratione
720 1063 865 1159 primum
887 1061 1020 1159 nuptias
1038 1058 1200 1150 inierunt,
1220 1091 1260 1138 ac

157 1177 279 1250 deinde
302 1177 385 1250 alter
408 1203 520 1250 eorum
538 1192 637 1274 negat
653 1201 690 1250 se
710 1177 899 1273 coniugium
916 1176 1050 1263 iniisse,
1069 1203 1259 1278 novumque

158 1290 304 1364 celebrat
327 1290 528 1363 connubium
543 1291 577 1362 in
590 1291 676 1363 laeie
695 1289 871 1377 ecelesiae,
894 1285 1064 1363 constituit
1076 1290 1172 1388 prius
1184 1318 1261 1377 con7

159 1405 287 1501 iugium
303 1405 448 1477 omnino
472 1420 580 1477 ratum
602 1430 698 1492 esse,
726 1430 787 1476 noc
811 1404 940 1476 irritum
965 1431 1024 1502 per
1048 1405 1260 1505 subsequens

160 1518 231 1590 fieri
257 1544 375 1616 posse,
404 1518 535 1592 etiamsi
552 1519 587 1589 in
604 1519 675 1590 loro
693 1534 846 1605 externo,
866 1517 996 1590 delectu
1014 1519 1148 1592 testium
1167 1514 1259 1594 aliud

159 1631 319 1706 iudicium
343 1633 467 1706 seratur
490 1635 554 1728 (ll).
617 1632 620 1638 '

231 1747 266 1819 S.
281 1774 365 1821 vero.
380 1748 523 1821 Thomas
544 1747 578 1819 in
601 1749 634 1818 l.
658 1748 748 1820 Sent.
773 1747 932 1820 diseat.
949 1775 983 1846 q.
1001 1750 1035 1819 1.
1052 1764 1114 1820 art.
1133 1751 1166 1820 3.
1182 1774 1261 1822 cum

161 1861 226 1935 sibi
243 1863 454 1961 proposuerit
470 1861 627 1950 dubium:
647 1878 757 1935 utrum
773 1888 941 1935 consensus
956 1865 996 1932 a'n
1013 1864 1133 1934 occulto
1153 1858 1261 1962 sactus·

156 2003 218 2074 per
240 1976 343 2048 uerbo
363 1976 405 2048 de
423 1977 588 2074 praesenti
610 1977 713 2073 societ
736 1976 1114 2074 matrimoniumlllesp.
1131 1974 1260 2062 «Quod

161 2092 248 2164 sicut
272 2091 306 2162 in
331 2090 407 2164 aliis
434 2091 655 2165 ¹sacramentis
679 2091 844 2190 quaedam
870 2089 949 2163 sunt
971 2092 1013 2164 de
1038 2089 1185 2164 essentia
1200 2088 1262 2164 “sm

160 2205 339 2291 crementi,
355 2204 479 2305 quibus
492 2205 644 2292 omissis,
660 2206 726 2279 non
744 2220 795 2277 est
812 2205 1073 2291 sacramentum,
1092 2205 1259 2303 quaedam

161 2319 327 2393 autem'ad
341 2318 581 2392 solemnitatem
599 2317 799 2391 sacramenti
817 2318 1002 2416 pertinent,
1022 2317 1261 2417 quibusss'omis-

161 2432 230 2519 sis,
258 2458 372 2504 verum
397 2432 567 2530 perficitur
592 2434 860 2518 sacramentnm,
887 2431 1261 2531 quamuis'pe'ccetjqui

161 2547 298 2619 omittit:
328 2548 374 2619 ita
397 2547 501 2620 etiam·
521 2573 689 2619 concensus
713 2572 883 2644 expressus
904 2573 963 2644 per
982 2547 1089 2618 'verbe'
1105 2545 1145 2618 de'
1163 2573 1262 2644 praa

161 2663 245 2732 nenti
260 2664 345 2733 ieter
356 2689 511 2760 personae
534 2662 760 2760 lepitimes'ad
780 2661 1063 2749 contrahendum,
1091 2661 1262 2737 matrimo-

162 2775 256 2846 nium
281 2775 384 2863 facit,
417 2779 497 2874 quia
523 2776 599 2848 boec
623 2776 687 2848 due
709 2792 785 2849 scot
809 2777 847 2848 de
860 2778 1022 2848 essentie
1040 2779 1237 2850 aucrcnent't'
1249 2832 1262 2862 ,

162 2888 229 2962 alia
250 2906 362 2964 autem
377 2892 490 2964 omnia
504 2907 589 2965 'sunt
606 2892 649 2964 de
664 2893 862 2964 solemnitate
886 2891 1082 2963 succedenti
1090 2946 1099 2975 ,
1120 2892 1262 2990 quiaad

162 3006 226 3079 hoc
250 2997 466 3093 adhibentur,
486 3023 523 3080 ut
539 3007 786 3091 matrimonium
809 3005 1056 3080 convenientius
1075 3006 1264 3079 fiat:.unde

161 3122 190 3193 si
209 3122 421 3209 omittantur,
441 3128 555 3195 verum
575 3121 821 3194 matrimonium
847 3136 918 3206 est,
946 3120 1099 3220 quamvis
1122 3136 1263 3218 peccent

163 3235 213 3310 sie
224 3238 477 3324 contrahentem
498 3237 563 3310 nisi
581 3263 641 3336 per
656 3237 809 3336 aliquam·
820 3235 999 3333 legitimam
1016 3241 1155 3308 causam
1167 3242 1264 3309 encu-

163 3350 408 3423 temnendum
429 3351 596 3424 verosibi
621 3351 836 3448 opposuisset
860 3347 1128 3423 secundoloooz,
1141 3349 1264 3422 «Sicut
1298 3440 1302 3449 Ι

163 3464 203 3535 in
221 3465 436 3538 matrimonio·
455 3480 507 3538 est
530 3481 624 3538 actus
656 3475 771 3540 noster
790 3464 900 3563 quasi'
914 3463 956 3535 de
980 3462 1127 3535 essentia
1143 3488 1263 3564 :sacra-

163 3578 287 3664 menti,
306 3578 361 3649 ‘ita
386 3579 421 3649 in
446 3578 660 3677 poenitentia.
685 3579 749 3650 Sed
775 3588 1017 3654 sacramentum
1041 3574 1265 3673 poenitentiae

163 3718 230 3765 non
263 3692 434 3791 perficitur
458 3693 522 3765 nisi
547 3693 771 3765 mediantibus
802 3691 963 3769 ecclesiae
988 3690 1177 3791 ministris,
1196 3691 1266 3790 qui

164 3823 242 3880 sunt
265 3823 545 3881 sacramentorum
564 3807 823 3909 dispensatores.
839 3806 927 3902 Ergo
940 3831 1001 3878 nec
1015 3804 1267 3907 matrimonium

164 3938 273 4019 potest
297 3922 411 4020 perfici
425 3922 600 3995 inocculto
622 3916 751 4021 absque
773 3920 969 4012 sacerdotali
994 3919 1261 3992 benedictione.»

164 4026 370 4134 Respondet:
390 4035 602 4108 «Dicendum
621 4036 710 4135 quod
729 4052 824 4110 actus
843 4050 955 4109 noster
979 4032 1013 4105 in
1039 4031 1265 4132 poenitentia,

236 4220 271 4284 (8)
287 4219 341 4275 Lib.
349 4223 453 4286 ltpart.
461 4224 565 4285 XLcap.
573 4225 603 4272 v.
625 4285 628 4289 .

236 4299 270 4360 (9)
286 4301 347 4363 opp.
358 4299 397 4350 ed.
408 4302 492 4351 venet
503 4307 571 4355 1588.
582 4302 643 4355 leto.
651 4300 748 4354 tltcol.
759 4304 812 4350 294.
