2872 5062
161 350 228 422 tet
270 398 272 403 ·
357 372 418 421 tin.
440 370 462 420 1.
483 369 568 420 secr.
590 371 612 419 r.
633 370 1047 422 nanninusiemunnro.
1110 408 1113 415 ,

157 489 301 562 medium
320 488 478 588 prolerre.
495 488 565 560 lam
585 513 662 561 vero
679 481 714 559 in
731 488 847 561 eodem
865 487 1001 561 laudato
1019 513 1117 586 opere
1133 489 1180 560 Be
1196 515 1255 587 sy-

157 604 254 688 nodo,
270 594 359 702 quod
371 629 431 702 pro
444 596 480 675 se
492 601 635 698 allegant
651 601 732 674 Cani
751 598 911 689 asseclae,
930 603 1042 701 aperte
1057 603 1253 676 Benedictus

157 734 253 792 vocat
276 711 499 803 sacerdotem,
534 742 594 789 seu
627 712 807 815 parochum
837 732 944 789 testem
971 717 1250 789 authorisabilem.

157 832 217 904 Sic
233 825 321 905 enim
345 830 460 904 scribit
479 829 537 902 lib.
555 830 642 902 xlii.
659 857 688 902 c.
700 828 762 901 23.
780 858 814 902 n.
832 831 1104 905 taliarchus
1119 831 1256 903 interest

158 947 374 1020 matrimonio·
383 961 550 1044 tamquam
565 946 652 1016 testis
666 947 913 1018 authorisobilis
926 972 986 1044 pro
998 945 1152 1032 ecclesia,
1168 971 1256 1044 quae

158 1088 233 1134 cum
253 1063 288 1133 in
309 1061 385 1134 aliis
406 1056 549 1149 duobus
569 1076 626 1133 aut
644 1060 749 1133 tribus
765 1061 916 1133 testibus
940 1061 983 1133 ad
999 1059 1255 1133 ¹matrimonium

159 1178 358 1260 necessariis
382 1203 448 1256 non
471 1203 529 1250 eas
554 1176 730 1275 qualitates
754 1174 923 1276 requirat,
951 1202 1038 1274 quae
1055 1175 1139 1248 'illos
1164 1176 1254 1248 omni

159 1294 351 1389 exceptione
379 1291 520 1364 maiores
545 1292 755 1363 constituant.
773 1348 780 1362 .
796 1348 802 1361 .
818 1347 824 1360 .
842 1290 968 1363 Idcirco
998 1289 1133 1388 parochi
1159 1315 1256 1387 prae-

160 1405 301 1477 sentiam
324 1402 428 1478 voluit
454 1405 802 1501 (conctridentinum
816 1408 843 1499 ),
864 1419 900 1476 ut
920 1405 955 1476 in
976 1405 1072 1477 illius
1093 1403 1256 1504 probitate

159 1521 339 1592 maximum
367 1520 514 1593 veritatis
539 1519 790 1592 fundamentum
821 1535 1001 1606 statueret,
1029 1535 1066 1592 ut
1090 1520 1257 1615 colligitur

155 1658 200 1705 ex
212 1633 351 1706 historia
363 1632 622 1729 concilii'(d9).»
638 1633 719 1706 Item
732 1633 767 1704 in
782 1633 991 1706 Institutione
1000 1633 1147 1706 xxxiii.
1165 1661 1198 1704 n.
1218 1635 1252 1704 2.

41 1807 43 1812 .
160 1747 299 1846 loquens
316 1748 359 1820 de
375 1748 507 1821 concilii
531 1748 701 1820 tridentini
723 1747 872 1835 decreto,
893 1775 959 1847 quo
976 1749 1191 1821 constitutum
1206 1763 1257 1821 est

159 1877 196 1935 ut
212 1862 370 1962 deinceps
390 1863 637 1936 matrimonium
655 1862 718 1936 sub
735 1862 896 1936 nullitatis
914 1869 1022 1962 poena
1038 1861 1258 1936 celebraretur

159 2001 271 2049 coram
296 1976 442 2075 parocho
466 2002 505 2049 ac
529 1976 671 2064 duobus,
699 1992 756 2049 aut
780 1975 887 2049 tribus
911 1976 1064 2062 testibus,
1087 1976 1155 2048 ait:
1183 1976 1259 2048 «Ut

161 2090 279 2187 paucis
296 2090 513 2188 expediamus
530 2090 724 2177 doctrinam,
748 2093 833 2189 quae
849 2089 1001 2162 eiusdem
1018 2089 1139 2161 decreti
1156 2095 1258 2162 causa

160 2203 289 2302 prolata
305 2205 383 2292 luit,
404 2204 495 2278 nullo
520 2220 615 2303 pacto
640 2206 836 2278 sacramenti
854 2204 1041 2292 materiam,
1062 2230 1102 2277 ac
1117 2203 1258 2276 sormam

161 2319 366 2392 immutatam
382 2321 497 2393 luisse
519 2335 667 2407 constat;
692 2346 769 2393 nam
789 2321 926 2390 materia
943 2319 979 2390 in
997 2319 1260 2392 tradendis'mu-

160 2451 232 2522 tuo,
254 2461 293 2508 ac
309 2435 455 2532 legitime
473 2435 666 2534 corporibus
684 2461 744 2534 per
759 2433 879 2521 verba,
900 2449 958 2505 aut
973 2450 1073 2507 nutus
1092 2434 1135 2506 ad
1153 2434 1260 2533 expli-

161 2549 304 2637 candum
328 2549 479 2621 intimum
501 2575 698 2623 consensum
718 2549 949 2621 accomodatus
967 2549 1121 2621 collocata
1137 2575 1260 2647 seraper

55 2733 57 2739 ,
162 2662 243 2758 [αξη
271 2662 376 2758 formo
400 2688 478 2735 vero
502 2663 538 2733 in
562 2662 769 2761 excipiendis
792 2677 924 2748 mutuo,
954 2688 993 2734 ac
1018 2660 1164 2759 legitime
1188 2689 1260 2737 cor-

163 2775 300 2873 poribus
312 2803 373 2874 per.
390 2778 607 2848 contradentes
631 2777 836 2873 designatur.
853 2777 935 2848 Cum
956 2777 1057 2873 igitur
1081 2776 1261 2851 tridentina

163 2891 314 2990 synodus
340 2917 402 2964 nec
426 2891 610 2988 legitimum
635 2896 792 2990 pactum,
826 2918 888 2965 nec
911 2892 1059 2988 legitime
1083 2893 1193 2980 tradi,
1229 2910 1261 2966 et

162 3006 271 3105 excipi
290 3022 436 3105 ‘corpora
460 3005 669 3099 iudicaverit,
690 3005 756 3078 nisi
773 3005 905 3105 quando
922 3005 1169 3079 matrimonium
1187 3032 1262 3080 con-

163 3120 324 3207 trahitur,
357 3119 626 3219 parochus'cum
649 3118 801 3206 duobus,
829 3134 886 3191 aut
909 3118 1015 3191 tribus
1039 3117 1191 3192 testibus·
1207 3142 1262 3193 as-

164 3233 279 3320 sistat,
306 3233 385 3306 hinc
405 3233 602 3307 sacramenti
627 3233 798 3306 materiam
821 3259 861 3306 ac
884 3232 1023 3306 lormam
1049 3242 1260 3331 nequaquam

165 3348 284 3419 mutari
310 3348 531 3423 certissimum
555 3363 621 3436 est,
649 3374 753 3447 quae,
773 3363 928 3445 utsupra
952 3348 1116 3434 diximus,
1141 3350 1177 3419 in
1199 3363 1263 3421 trc-

166 3462 279 3534 dendis
304 3463 562 3562 accipiendisque
581 3479 706 3548 mutuo,
727 3490 764 3536 cc
784 3465 921 3562 legitime
938 3464 1122 3561 corporibus
1139 3490 1263 3562 semper

149 3581 344 3651 commater
359 3583 471 3675 (50).»
483 3578 524 3653 Et
535 3578 620 3673 baec
630 3579 673 3651 de
689 3605 846 3676 germana
857 3578 1025 3652 Benedicti
1035 3578 1118 3649 xlv.
1134 3595 1256 3652 mente.

167 3692 317 3765 Ceterum
334 3708 367 3765 et
383 3693 475 3765 illam
492 3693 689 3766 sententiam
706 3692 748 3765 eb
764 3719 804 3765 ea
816 3693 1057 3790 probabilitate,
1073 3692 1170 3766 cuius
1189 3694 1262 3793 ipse

167 3808 333 3896 meminit,
360 3808 543 3894 excidisse,
570 3808 611 3880 ex
633 3807 784 3880 dicendis
811 3806 910 3905 paulo
934 3821 1010 3904 post
1032 3805 1170 3905 patebit.

237 4064 289 4129 (ie)
303 4066 375 4129 Forte
385 4063 483 4128 quando
493 4078 514 4116 s.
522 4065 661 4128 Alphonsus
671 4066 778 4129 primurn
788 4063 866 4114 edidit
877 4076 948 4114 suum
958 4074 1021 4126 opus
1029 4062 1060 4113 de
1070 4063 1204 4126 'theologia
1213 4076 1263 4113 me·

169 4143 229 4208 reli,
246 4145 356 4195 nondum
366 4145 477 4196 ediderat
489 4145 634 4196 Benedictus
644 4147 708 4195 XIV.
716 4144 862 4215 posteriores
870 4143 947 4193 libros
955 4155 1017 4206 quos
1028 4143 1112 4206 postca
1123 4143 1214 4197 adiecit
1223 4155 1262 4205 op.

150 4258 153 4265 ‚
167 4227 205 4276 De
213 4223 319 4289 synodo,
329 4226 355 4275 et
364 4225 410 4275 hac
421 4224 453 4274 dc
462 4237 536 4276 cauea
546 4224 612 4274 hunc
623 4237 696 4288 quem
706 4223 833 4274 attuiimus
841 4224 923 4273 iocum
933 4235 983 4280 non
992 4222 1113 4284 allegarit

240 4304 290 4367 (5⁰)
305 4307 426 4356 institut.
437 4304 602 4356 ecclesiastic.
615 4316 672 4368 opp.
684 4305 724 4356 ed.
734 4307 805 4356 Rom.
818 4307 885 4354 tito.
894 4315 948 4367 pag.
960 4308 1005 4353 215
1019 4314 1074 4365 sec.
