2872 5062
154 365 223 435 188
345 387 406 435 um.
428 383 452 432 1.
473 383 558 432 arou.
579 384 603 430 r.
624 383 664 430 or
690 381 821 431 uxrnru.
843 380 1057 431 sicmururc.

157 502 355 578 sacramenti
369 499 571 573 matrimonii
584 514 636 571 est
648 513 837 570 contractus
851 497 931 569 dum
944 498 998 582 fit,
1014 499 1112 570 cuius
1130 507 1275 572 materia

158 631 284 690 remota
301 631 381 690 sunt
396 639 552 714 corpora,
576 613 716 685 materia
739 613 891 711 proxima
913 612 1046 686 traditio
1068 618 1269 712 corporum,

157 731 477 830 forma'acceptati03
494 730 564 826 Epo
579 743 607 800 te
620 729 743 825 accipio
758 729 793 798 iu
805 754 925 816 meam;
941 727 1043 824 igitur
1052 725 1149 827 prior
1160 744 1271 815 actua,

159 874 227 948 quc
244 849 434 921 contractus
453 845 525 918 fieri
545 844 676 942 incipit,
694 859 745 916 est
761 844 901 915 materia
913 844 1080 942 proxime,
1098 844 1206 917 forma
1224 870 1275 917 se

158 963 290 1036 cundus
308 977 419 1047 actus,
433 953 501 1060 quo
517 973 708 1032 contractus
721 958 921 1057 completur,
937 985 1026 1056 quae
1038 975 1090 1032 est
1101 959 1186 1031 illud
1202 956 1276 1032 uer·

161 1078 236 1148 mm
246 1075 334 1174 quod
344 1073 555 1147 accedeusud
568 1075 756 1144 clementum
768 1074 850 1170 facit
861 1088 1110 1144 sacromentum.
1129 1076 1168 1145 ln
1181 1076 1274 1148 omni

158 1193 248 1265 enim
269 1206 445 1264 contractu
468 1189 566 1262 adest
591 1215 651 1262 seu
677 1188 851 1261 intervenit
874 1187 1029 1274 traditio,
1054 1188 1107 1261 vel
1133 1186 1274 1264 conces·¹

124 1313 125 1317 ’
160 1307 227 1394 sio,
247 1321 281 1378 et
299 1306 482 1404 acceptatio
499 1305 596 1375 iuris.
621 1303 699 1375 ldeo
716 1304 863 1375 diximus
881 1305 1054 1375 materiam
1073 1304 1276 1377 sacramenti

160 1420 362 1499 matrimonii
388 1446 464 1493 esse
490 1434 695 1493 contractum
721 1419 799 1490 dum
822 1419 875 1517 fit,
903 1444 963 1490 seu
988 1419 1023 1488 in
1048 1435 1125 1492 actu
1150 1445 1220 1518 quo
1245 1435 1278 1493 et

161 1561 334 1636 perquem
349 1536 398 1607 fit.
413 1537 553 1633 Nempe,
571 1533 662 1632 quod
680 1534 715 1603 in
733 1533 822 1606 idem
836 1533 971 1606 recidit:
987 1548 1044 1605 aut
1063 1533 1208 1607 habetur
1221 1560 1278 1608 sa·
1306 1604 1309 1610 .

160 1666 366 1726 crumentum
389 1665 421 1722 et
443 1648 586 1722 habetur
606 1665 812 1769 contractus,
831 1648 892 1721 aut
912 1675 980 1722 non
1002 1649 1278 1726 habetur-sacra-

161 1783 327 1854 mentum,
350 1792 412 1839 nec
429 1765 571 1839 habetur
588 1780 790 1852 contractus,
803 1791 843 1837 ex
856 1792 923 1864 quo
937 1765 1068 1862 exurgit
1084 1792 1278 1840 sacramen-

161 1900 251 1971 tum,
271 1908 334 1956 seu
351 1907 417 1955 non
436 1897 488 1955 est
502 1896 693 2001 eontraotus
711 1879 778 1953 ille
784 1881 934 1953 formalis
956 1880 1069 1980 qualis
1094 1873 1278 2029 requiritur

161 1995 227 2115 ed
231 2012 488 2072 sacramentum

161 2114 267 2186 s-i
285 2113 501 2187 consulamus
518 2136 597 2201 uero
614 2113 777 2186 ecclesiae
788 2114 991 2201 doctrinam,
1009 2140 1048 2186 eo
1067 2114 1174 2210 magis
1190 2114 1279 2186 haec

163 2226 289 2304 uerius
307 2226 580 2303 confirmabitui.¹
592 2227 722 2301 Etenim
740 2224 780 2303 eo
797 2228 872 2327 ipso
890 2230 981 2328 quod
998 2221 1274 2313 ecclesia‘doceu

162 2370 302 2419 causam
327 2342 527 2420 efficientem
552 2344 773 2431 matrimonii,
792 2359 835 2416 ut
859 2338 1008 2443 loqoitur
1027 2345 1201 2441 Eugenius
1219 2344 1274 2415 lv.

163 2454 354 2534 indici-sto
375 2485 436 2558 pro
457 2459 629 2544 Armenis,
652 2459 847 2555 regulariter
865 2485 943 2532 esse
963 2452 1115 2544 mutuum
1136 2449 1280 2533 consen·

165 2601 241 2648 sum
271 2598 332 2673 per
359 2573 462 2646 uerba
491 2574 534 2647 de
560 2575 727 2672 praesenti
756 2568 973 2672 expiessum',
1004 2574 1182 2674 patefacit,
1213 2600 1279 2647 non

162 2715 265 2790 posse
281 2688 399 2760 haberi
416 2706 662 2761 sacramentum
681 2689 755 2760 sine
772 2685 960 2777 contractu,
981 2706 1014 2762 et
1029 2682 1181 2762 vicissim
1204 2688 1280 2763 nul·

161 2804 231 2877 ium
246 2802 362 2875 haberi
374 2818 580 2875 contractum
592 2801 650 2875 ubi
665 2829 732 2876 non
744 2797 1067 2892 est'sa‘cremcntumj
1081 2829 1159 2876 cum
1168 2795 1280 2876 matri·

164 2919 315 2993 monium
330 2918 374 2991 sit
385 2912 459 3018 ipse
472 2913 641 3014 legitimus
662 2934 873 3006 contractae,
890 2920 950 3019 qui
963 2920 1071 3017 gratia
1086 2912 1276 2992 instruiturL

165 3029 169 3035 ’
227 3033 334 3119 2Qu0d
363 3029 556 3133 expendens
581 3029 809 3132 Van-Espen,
828 3028 953 3108 'auctor
981 3027 1132 3149 proiecto
1160 3035 1280 3109 adver·

163 3149 261 3224 seriis
286 3172 353 3223 non
380 3165 578 3248 suspectus,
609 3150 745 3223 scribit:
773 3181 790 3219 «
807 3143 952 3223 Causa
943 3152 1046 3248 igitur
1070 3151 1223 3224 efficiens
1243 3167 1282 3263 et

164 3258 341 3379 perficieris
371 3267 619 3341 matrimonium
651 3283 703 3342 est
732 3282 868 3341 mutuus
896 3267 1166 3342 contrahentium
1201 3256 1282 3341 ron-

166 3406 310 3467 sensus,
342 3397 377 3454 et
406 3383 506 3455 siout
524 3383 697 3496 sponsalia
725 3382 768 3483 de
796 3384 907 3457 iuturo
936 3374 1189 3465 contrahuntur
1209 3381 1281 3456 solo

164 3520 333 3569 censensu
362 3497 400 3567 in
423 3499 560 3596 nuptias
589 3499 740 3585 i‚uturas
770 3499 825 3570 ita
841 3498 1090 3571 matrimonium
1115 3520 1177 3595 per
1202 3522 1282 3570 con-

164 3635 306 3684 sensum
330 3611 374 3684 de
399 3605 565 3710 praesenti
591 3613 625 3683 in
651 3555 786 3710 nuptias
811 3613 984 3711 perficitur
1007 3613 1101 3684 iuxta
1130 3611 1281 3710 regulam

165 3726 267 3798 iuris:
297 3729 431 3824 nuptias
460 3752 524 3798 ucu
553 3720 740 3799 concubitus
767 3727 825 3798 sed
855 3751 1025 3799 cousensus
1056 3727 1150 3824 fucit.
1186 3719 1281 3811 Unde

164 3832 316 3940 pontifex
336 3836 571 3936 (Innocentius
589 3840 673 3935 111.)
695 3842 731 3914 in
747 3867 823 3940 cap.
847 3845 904 3914 23.
924 3843 964 3913 X.
986 3843 1034 3912 De
1051 3842 1276 3938 sponsalibus,

165 3964 336 4057 tamquam
354 3949 580 4029 indubitatum
593 3949 847 4029 fundamentum
860 3949 1018 4043 assumit,
1036 3956 1127 4056 quod
1140 3948 1281 4056 sufficiet

164 4070 211 4141 ud
234 4073 479 4143 matrimonium
496 4071 598 4142 sclua
605 4096 775 4143 cousensus
798 4072 946 4155 illorum,
970 4071 1009 4143 de
1026 4077 1184 4169 quorum,
1200 4088 1280 4170 quu-

163 4209 299 4283 rumque
312 4185 588 4271 coniunctionibus
597 4187 708 4283 rapitur
719 4188 808 4280 (12).
816 4215 833 4255 u
846 4186 908 4282 Agi
920 4212 1000 4260 uero
1013 4185 1056 4259 de
1068 4184 1280 4260 matrimonio

167 4344 172 4351 .
239 4314 313 4380 (ta)
306 4316 457 4369 [macules
472 4319 548 4368 uuis
559 4330 611 4380 pur.
621 4319 654 4369 11.
661 4317 701 4368 tit
711 4320 883 4383 x11.rap1v
894 4330 920 4370 n
929 4322 953 4369 7
