2872 5062
148 381 274 432 crum.
288 379 814 431 arrrnu.rno.nrn1n.smn.rnr.
829 380 1080 431 runnurnnon.
1126 359 1196 432 133

99 499 162 571 niri
187 524 311 597 posse,
340 495 544 570 sacerdotem
567 495 756 569 ministrum
773 523 848 572 esse
865 499 1063 572 sacramenti
1085 500 1198 573 matri·

97 613 211 686 monii.
228 611 356 686 Etenim
375 609 604 685 ecclesianos
626 626 734 710 potest
757 613 941 709 dogmatice
966 614 1106 687 definire
1130 615 1197 688 nisi

97 729 149 816 id,
170 728 261 828 qnod
278 727 314 799 in
331 727 465 801 divinae
490 726 701 801 revelationis
726 727 877 827 deposito
903 728 1108 816 continetur;
1130 730 1197 802 iam

96 868 192 944 vero,
213 869 289 916 cum
310 868 350 916 ex
373 841 493 928 dictis,
514 867 622 941 neque
640 843 675 913 in
694 842 882 941 Scriptura,
904 869 1013 942 neque
1030 843 1065 915 in
1083 845 1198 918 diviua

96 958 273 1031 traditione
289 958 346 1030 hic
362 956 521 1031 articulus
537 958 762 1044 contineatur,
780 958 851 1031 fieri
869 959 984 1057 nequit
999 975 1036 1032 ιιι
1051 959 1194 1032 ecclesia

96 1071 188 1145 illum
205 1072 392 1169 dogmatice
404 1071 553 1144 deliniat.
571 1074 761 1160 Praeterea,
776 1073 920 1146 ecclesia
933 1072 999 1146 sibi
1012 1099 1195 1172 numquam

95 1186 260 1260 contraria
284 1187 319 1257 in
344 1185 495 1259 doctrina
518 1213 593 1260 esse
619 1201 745 1286 potcst;
772 1213 847 1261 cum
873 1203 1009 1275 autem,
1037 1204 1075 1260 ut
1098 1186 1197 1286 paulo

96 1318 171 1400 post
195 1301 404 1389 ostendetur,
431 1303 597 1376 contraria
617 1318 805 1376 constanter
822 1303 856 1374 in
874 1304 1017 1377 ecclesia
1033 1302 1198 1377 catholica

93 1417 236 1513 vignerit
258 1416 408 1490 doctrina
427 1432 465 1510 ‚et
489 1417 618 1515 praxis,
655 1443 788 1490 rursum
821 1417 988 1515 colligitur
1020 1417 1196 1492 ecclesiam

92 1531 279 1628 dogmatice
303 1532 499 1605 sententiam
525 1532 616 1606 illam
645 1532 785 1605 delinire
814 1533 904 1606 haud
929 1559 1041 1633 posse.

165 1649 223 1717 11.
243 1644 341 1718 Adid
352 1672 443 1734 vero,
459 1648 549 1746 quod
563 1664 729 1747 postremo
747 1648 904 1721 adiicitur
921 1649 964 1722 de
976 1648 1099 1722 Bened.
1109 1647 1192 1720 xit.

92 1762 125 1832 in
149 1787 252 1860 opere
266 1761 315 1833 De
331 1762 452 1861 synodo
476 1762 685 1848 dioeceseon,
707 1765 767 1862 qui
786 1765 984 1839 sententiam
1002 1762 1084 1835 Cani
1103 1778 1198 1836 vocat

92 1877 185 1951 uelde
206 1877 426 1976 probabilem,
453 1877 558 1951 nolim
582 1879 680 1952 aliter
705 1879 825 1953 melius
850 1880 1072 1979 respondere,
1093 1903 1197 1978 quam

91 1991 191 2065 verba
213 1991 290 2090 ipsa
313 1991 508 2090 usurpando
533 2018 562 2066 s.
579 1993 744 2092 Alphonsi
770 1994 813 2067 de
838 1995 968 2091 ligerio
993 1991 1192 2067 scribentis:

94 2105 187 2178 «llis
205 2105 344 2204 positis,
360 2104 458 2179 valde
474 2106 577 2179 miror
592 2107 683 2207 quod
701 2107 858 2180 laudatus
870 2107 1087 2192 Benedictus,
1104 2119 1196 2204 post-

91 2244 191 2318 quam
220 2219 426 2292 contenderit
454 2219 641 2292 rationibus
666 2236 733 2293 tam
759 2220 954 2317 urgentibus
980 2233 1094 2292 contra
1119 2243 1197 2290 son-

91 2334 228 2407 tentiam
255 2333 357 2420 Cani,
393 2333 485 2406 illam
515 2335 660 2433 appellet
692 2335 923 2434 probabilem,
955 2333 1109 2434 quamvis
1133 2358 1197 2405 noo

92 2451 277 2533 intrinsece,
296 2449 357 2522 sed
376 2463 501 2521 tontum
524 2451 701 2546 cumipsece
726 2476 800 2523 eam
828 2450 1035 2549 probabilem
1060 2473 1196 2522 censere

87 2564 257 2651 videatur,
286 2590 325 2638 ao
358 2565 466 2664 quod,
499 2580 537 2637 ιιι
562 2565 629 2652 ait,
658 2582 710 2639 est
735 2565 810 2665 ipsa
833 2565 998 2638 doctorum
1020 2565 1196 2664 scssropias

89 2680 295 2750 mmmuot'tu.
311 2677 541 2751 Verumtamen
558 2678 667 2775 magis
687 2694 816 2778 oportet
841 2680 1010 2754 attendere
1031 2705 1088 2766 ea,
1110 2703 1197 2778 quae

90 2791 208 2865 scribit
229 2792 426 2882 Benedictus
445 2794 479 2865 in
497 2792 652 2866 decretali
671 2820 733 2866 sua
749 2794 892 2892 epistola
908 2795 951 2868 ad
970 2794 1197 2892 archiepisco·

91 2932 172 3005 pum
196 2906 363 2995 Gonnum,
391 2933 477 3007 quae
501 2908 636 3006 incipit:
658 2909 778 2981 Paucis
800 2908 842 2981 ab
867 2909 940 2981 linc
967 2907 1191 3006 lebdonmdis,

90 3020 148 3095 ubi
173 3021 292 3094 scribit
312 3036 351 3094 nt
375 3021 539 3121 pontifex,
560 3049 661 3122 quam
682 3049 734 3110 ea,
761 3049 848 3122 quae
873 3023 997 3120 profert
1020 3037 1058 3094 nt
1082 3021 1197 3094 doctor

91 3137 242 3234 privatus
262 3136 297 3208 in
315 3137 486 3235 praedicto
509 3163 610 3236 opero
633 3138 681 3208 De
704 3137 846 3236 synodo:
866 3137 901 3208 in
919 3135 1089 3235 praedicta
1105 3134 1195 3206 onim

88 3251 246 3325 decretali
274 3274 432 3352 expresse
457 3253 552 3326 docet
576 3251 747 3325 ministros
771 3251 971 3325 sacramenti
995 3249 1195 3330 matrimonii

89 3390 164 3440 esse
190 3366 283 3466 ipsos
308 3367 564 3455 contrahentes,
593 3392 660 3440 nou
684 3393 763 3441 vero
788 3367 1016 3453 sacerdotem,
1045 3365 1126 3438 dum
1148 3363 1196 3437 ait

90 3479 180 3580 quod
204 3483 342 3554 materie
358 3483 403 3554 eit
419 3496 532 3555 mutuo
549 3508 716 3581 corporum
733 3481 869 3554 traditio
886 3482 993 3555 cerlis
1009 3507 1048 3554 cc
1064 3479 1196 3552 nundus

88 3618 256 3667 mamm
279 3596 547 3693 reprimentibus,
567 3610 599 3668 et
613 3611 727 3668 mutuo
745 3595 912 3695 corporum
935 3596 1111 3697 acceptatio
1127 3594 1195 3690 sor·
1303 3680 1307 3687 ι

88 3734 143 3782 me
156 3710 272 3804 (48).»
286 3710 456 3784 Hactenus
481 3736 510 3783 s.
527 3710 732 3809 Alphonsus.

159 3823 281 3896 Veram
300 3848 368 3897 non
385 3823 447 3898 abs
465 3849 502 3897 re
520 3823 602 3911 erit,
624 3839 661 3898 ut
679 3824 803 3898 clarius
825 3837 938 3923 pateat
956 3847 1122 3922 quaenam
1140 3820 1192 3893 in-

88 3937 214 4014 sederit
236 3939 430 4013 doctissimo
449 3940 528 4014 huic
551 3940 698 4040 pontifici
720 3939 884 4015 sententia
903 3938 947 4012 de
967 3937 1120 4010 ministro
1138 3960 1193 4008 sa-

89 4051 252 4126 cramenti
278 4054 501 4143 matrimonii,
534 4053 692 4129 nonnulla
723 4053 790 4129 alia
815 4081 855 4128 er
878 4054 951 4128 eius
974 4049 1133 4152 operibus
1158 4050 1193 4120 in

160 4239 211 4303 (ts)
229 4239 392 4293 melma.
402 4241 576 4293 lib.v1.trnct.
586 4243 863 4309 vanemmremp.
873 4235 1191 4292 claromariscensi.

89 4318 191 4370 Tanrtn.
205 4323 272 4371 1847.
283 4321 345 4371 tem.
355 4323 389 4371 tt.
400 4320 443 4371 nbi
455 4321 505 4373 rld.
514 4323 566 4372 not.
577 4321 664 4373 editor.
