2872 5062
280 359 348 416 err.
360 365 404 414 iv.
417 364 457 414 nn
469 364 587 413 sanun.
602 363 659 412 rao
678 363 757 412 naon
775 363 814 410 nn
833 362 928 411 narn.
944 361 1007 410 civ.
1024 363 1094 411 aar.
1109 363 1132 413 r.
1206 343 1274 411 353

158 505 195 558 ut
212 512 252 558 se
270 483 418 582 legitime
435 509 511 555 eum
530 481 607 556 aliis
625 482 877 578 coniungerent.
895 480 937 551 Et
955 481 985 552 si
1003 496 1156 576 ageretur
1182 508 1278 582 prae-

160 619 253 673 terea
275 600 318 674 de
343 597 518 672 collisione
545 595 861 696 impedimentorum
887 594 1036 666 civilium
1062 609 1095 667 et
1119 594 1278 670 ecclesia-

159 715 342 800 sticorum,
371 739 459 812 quae
490 711 525 782 in
554 710 714 783 alterutro
741 709 813 782 foro
838 709 1032 782 dirimerent
1056 710 1273 807 coniugium,

159 856 268 905 novae
300 829 468 903 orirentur
491 826 684 924 angustiae,
719 824 845 923 quibus
872 825 963 897 cives
989 824 1033 897 ab
1058 824 1277 924 obsequendo

158 943 318 1045 propriae
342 942 569 1016 conscientiae
597 939 851 1039 impedirentur.

232 1061 322 1157 Ergo
348 1073 477 1132 tantum
505 1057 620 1142 abest,
648 1072 686 1129 ut
711 1055 914 1154 principium
944 1056 983 1127 dc
1016 1056 1163 1128 fibertate
1200 1083 1277 1128 cort-

157 1178 313 1250 scicntr‘cc
338 1175 447 1275 possit
477 1198 671 1273 permovere
702 1171 850 1244 fautores
881 1171 967 1268 legis
992 1171 1036 1244 de
1062 1172 1276 1245 matrimonio

156 1290 249 1366 civili
275 1290 320 1364 ad
345 1316 419 1363 eam
446 1287 689 1372 sanciendam,
718 1301 755 1358 ut
775 1312 834 1359 eos
861 1285 973 1385 potius
991 1286 1034 1358 ab
1052 1314 1092 1360 ea
1108 1287 1275 1360 deterrere

158 1407 346 1482 debuisset.
362 1405 512 1479 Asteum
534 1403 658 1503 supina
677 1417 868 1475 tenerentur
887 1401 1078 1497 ignorantia
1096 1429 1157 1475 seu
1171 1403 1275 1475 insci-

158 1524 207 1596 tia
222 1548 321 1596 verae
334 1521 481 1595 notionis
493 1518 659 1592 libertatis
675 1518 922 1606 conscientiae,
939 1542 979 1591 ex
993 1518 1160 1593 eiusmodi
1179 1519 1275 1616 igno-

159 1637 270 1711 rantia
290 1637 413 1709 factum
432 1650 485 1708 est
502 1651 539 1708 ut
554 1660 630 1707 eam
657 1633 796 1707 assidue
821 1634 1037 1721 invocarent,
1063 1660 1137 1708 eam
1163 1635 1274 1734 plenis

159 1752 275 1826 buccis
297 1767 491 1850 creparent,
520 1749 638 1849 sicque
664 1748 843 1822 illuderent
864 1748 931 1821 sibi
961 1765 993 1822 et
1019 1748 1155 1836 turbae,
1185 1776 1274 1849 quae

158 1868 209 1941 eis
241 1866 425 1967 plaudebat
453 1864 572 1939 eadem
598 1891 666 1963 qua
696 1863 744 1934 illi
771 1864 848 1938 novi
880 1865 1050 1964 sapientes
1084 1865 1274 1962 ignorantia

160 1981 327 2057 laborant.

207 2169 210 2172 ,
233 2098 366 2172 Caussa
384 2099 508 2173 erroris
531 2098 707 2197 turpisque
727 2096 1003 2170 hallucinationis
1022 2099 1057 2168 in
1075 2098 1125 2170 eis
1143 2099 1268 2184 extitit,

160 2215 252 2314 quod
272 2215 338 2315 ipsi
356 2215 613 2314 permiscuerint
633 2213 821 2286 libertatem
843 2212 1070 2286 conscientiae
1087 2239 1163 2284 cum
1180 2239 1274 2285 cver-

158 2334 249 2403 sione
272 2331 446 2429 religiose,
468 2356 528 2403 seu
547 2329 778 2403 incredulitate
797 2355 836 2401 ac
853 2327 1000 2400 lieentia.
1022 2327 1064 2399 At
1082 2328 1170 2401 duae
1187 2329 1272 2401 istae

160 2446 313 2519 notiones
353 2446 500 2518 immane
529 2446 618 2517 inter
646 2470 684 2516 se
713 2443 851 2516 distant.
881 2443 964 2515 Nam
997 2442 1088 2542 prior
1112 2443 1275 2542 supponit

161 2559 357 2658 religionem
377 2578 410 2633 et
430 2560 668 2658 obligationes,
692 2586 779 2658 quae
797 2586 838 2631 cx
854 2583 894 2631 ea
911 2574 1095 2631 nascuntur
1111 2585 1273 2633 unacum

162 2675 319 2749 facultate
347 2674 453 2748 libere
483 2674 551 2748 illis
583 2673 814 2748 satisfaciendi
837 2704 844 2761 ;
882 2674 1047 2772 posterior
1078 2700 1157 2748 vero
1175 2701 1273 2773 sup·

163 2791 257 2891 ponit
282 2791 506 2888 irreligionem
525 2818 564 2864 ac
583 2791 788 2888 impietatem
814 2790 889 2863 sine
915 2788 985 2862 ulla
1008 2789 1214 2887 obligatione
1232 2818 1273 2863 ex

163 2922 259 3004 parte
281 2906 506 2980 conscientiae
528 2906 704 3005 quidpiam
729 2906 917 2979 executioni
944 2904 1148 2991 mandandi;
1169 2904 1273 2977 altera

163 3022 307 3119 proinde
333 3023 376 3094 ad
401 3021 539 3095 alteram
565 3047 602 3093 se
627 3021 728 3094 babet
752 3036 789 3092 ut
814 3020 871 3091 lux
896 3018 939 3092 ad
965 3018 1133 3093 tenebras.

151 3125 161 3133 ”
236 3139 301 3213 Sed
327 3164 436 3236 neque
457 3137 592 3210 misceri
613 3151 722 3236 potest
744 3136 878 3208 libertos
903 3135 1114 3208 conscientiae
1131 3158 1208 3207 eum
1227 3151 1273 3206 to-

164 3255 305 3326 lerantie
323 3254 395 3327 sive
416 3253 591 3349 religiosa,
613 3252 685 3325 sive
702 3250 804 3324 civili.
821 3251 905 3323 Nam
924 3249 1098 3322 tolerantia
1115 3250 1274 3347 religiosa

163 3370 199 3447 in
213 3395 277 3442 suo
290 3384 453 3467 conceptu
468 3368 596 3441 indicat
616 3367 872 3467 permissionem
890 3365 1112 3464 professionis
1129 3365 1272 3440 alicuius

162 3485 274 3558 cultus
300 3484 424 3558 diversi
447 3485 491 3557 ab
508 3510 559 3571 eo,
580 3509 681 3583 quem
704 3482 895 3583 provinciae
921 3481 1119 3580 profitentur
1143 3509 1196 3555 ex.
1218 3509 1268 3580 gr.

163 3600 324 3674 iudaismi
349 3601 385 3672 in
410 3600 602 3697 regionibus
628 3598 841 3684 christianis,
871 3614 927 3670 aut
951 3599 1214 3697 protestantismi
1237 3599 1273 3669 in

163 3715 358 3813 regionibus
379 3714 573 3801 catholicis,
607 3713 692 3787 adeo
721 3730 759 3785 ut
787 3713 842 3784 isti
866 3713 937 3785 sive
962 3712 1074 3785 iudaei
1100 3712 1172 3784 sive
1196 3738 1274 3810 pro-

163 3847 324 3904 testantes
357 3830 484 3903 nullam
514 3830 657 3903 debeant
682 3828 848 3903 sustinere
877 3827 1065 3901 molestiam
1099 3824 1142 3900 ob
1176 3851 1273 3898 suam

162 3946 420 4048 professionem.
446 3944 634 4020 Tolerantia
653 3969 732 4017 vere
754 3943 864 4017 civilis
889 3942 1057 4040 significat
1083 3942 1274 4038 permissio
1314 3974 1318 3983 ·

162 4088 263 4149 nem,
291 4078 327 4136 ut
352 4063 396 4136 ita
424 4062 551 4148 dicam,
580 4062 789 4158 negativam,
818 4059 851 4132 vi
877 4059 973 4133 ouius
998 4057 1095 4131 civile
1126 4057 1274 4152 regimen

164 4203 232 4250 non
251 4178 351 4276 punit
367 4204 443 4263 eos,
464 4178 523 4276 qui
542 4175 805 4274 obligationibus
827 4175 899 4247 suis
922 4174 994 4246 sive
1014 4170 1183 4267 religiosis
1202 4171 1274 4243 sive

163 4290 349 4366 moralibus
367 4318 434 4366 non
457 4290 679 4365 satisfaciunt.
701 4291 848 4387 Utraque
872 4285 1047 4362 tolerantia
1069 4285 1295 4386 quandoque,

1194 4437 1228 4486 23
