2872 5062
253 370 322 419 GAP.
340 369 385 417 lv.
399 368 438 416 DE
451 367 570 417 taccu.
586 366 645 415 PRO
659 366 738 415 LEGE
755 366 795 414 on
808 366 904 415 laun.
921 365 985 416 clv.
1003 367 1074 415 ART.
1093 368 1115 416 Ι.
1204 346 1272 415 36Ἷ

157 502 365 562 contractum
385 488 518 558 irritum
534 511 573 556 oc
587 485 716 556 nullom
732 510 814 567 esre,
836 484 984 582 eoquod
1002 484 1154 557 redditus
1172 486 1273 559 fuerit

158 606 200 677 ad
222 601 490 675 contrabendum
511 598 685 672 inhabilis.
703 600 786 670 Nam
809 599 898 697 oqui
918 598 1034 686 aliter,
1055 626 1158 699 quarn
1176 626 1275 700 prae·

158 734 251 791 sente
273 715 442 815 parocho,
463 714 574 813 inquit
592 713 827 799 tridentinum,
849 713 901 787 vel
928 713 994 786 alio
1020 702 1212 803 sacerdote,
1233 716 1276 789 de

159 833 269 932 ipsius
291 829 430 930 parochi
448 856 510 903 seu
527 827 689 902 ordinarii
707 828 859 913 licentia,
880 844 914 900 et
931 827 1078 917 duobus,
1098 830 1150 903 vel
1168 831 1276 905 tribus

158 949 322 1033 testibus,
345 944 595 1019 matrimonium
622 944 818 1016 contrahere
844 944 1070 1033 attentabunt,
1091 973 1150 1020 eos
1169 974 1197 1020 s.
1215 948 1278 1047 Sy-

158 1065 268 1137 nodus
285 1062 330 1135 od
346 1064 395 1133 sic
412 1060 666 1134 contrabendum
683 1063 812 1132 omnino
829 1062 993 1134 inhabiles
1009 1062 1136 1147 reddit,
1162 1079 1194 1136 et
1212 1064 1276 1137 hu·

157 1178 304 1254 iusmodi
329 1200 527 1251 courrieres
553 1200 677 1249 runrros
694 1201 732 1249 nr
749 1202 871 1251 nonnos
889 1204 964 1250 esse
982 1178 1151 1266 decernit,
1177 1197 1278 1280 prout

158 1319 217 1367 cos
243 1292 411 1392 praesenti
437 1291 572 1366 decreto
597 1293 709 1364 irritor
734 1292 833 1379 facit,
854 1308 888 1365 et
910 1294 1102 1367 annullat.»
1120 1295 1186 1380 Oui
1205 1321 1279 1393 pro-

160 1409 239 1481 inde
262 1434 299 1480 se
321 1406 505 1481 catholicos
531 1407 655 1481 iactant
679 1434 756 1481 esse
782 1409 952 1494 sinceros,
982 1409 1181 1484 debuissent
1201 1426 1280 1483 ante

160 1523 275 1599 omnia
297 1524 340 1611 ad
363 1524 427 1596 hoc
448 1522 621 1596 attendere
638 1524 827 1610 decretum,
849 1552 917 1624 quo
934 1553 1002 1598 non
1021 1525 1130 1600 solum
1147 1527 1278 1604 irritum

157 1653 419 1722 sacramentum,
442 1638 501 1712 sed
520 1654 553 1710 et
570 1639 684 1737 ipsum
710 1639 841 1713 irritum
863 1666 903 1713 ac
925 1640 1055 1713 nullum
1081 1657 1281 1714 contractam

162 1780 240 1829 esse
264 1755 469 1828 decernitur.

235 1871 350 1945 Talem
377 1873 490 1972 reipsa
516 1899 592 1947 esse
618 1890 763 1947 mentem
798 1875 931 1947 concilii
965 1876 1138 1947 tridentini
1168 1891 1281 1975 aperte

165 1988 367 2087 pronunciat
389 1988 590 2061 Benedictus
614 1990 699 2060 xlv.
729 1990 836 2077 «Qui
867 2007 1000 2089 praeter
1034 1991 1174 2064 formam
1200 2019 1221 2064 a
1246 2017 1283 2065 se

165 2105 409 2203 praescriptam
439 2105 689 2179 matrimonium
720 2106 917 2179 contrahere
946 2123 1132 2194 attentant,
1167 2131 1283 2178 eorum

163 2220 348 2294 tridentina
363 2221 516 2320 synodus
530 2247 598 2294 non
612 2238 856 2294 sacramentum
876 2221 988 2309 modo,
1007 2221 1068 2294 sed
1083 2236 1284 2293 contractam

164 2339 273 2434 ipsum
298 2338 431 2408 irritum
452 2337 578 2410 diserte
601 2338 815 2438 pronuntiat,
845 2354 945 2437 atque
971 2363 1030 2412 eos
1056 2337 1100 2410 ad
1127 2338 1176 2410 sic
1202 2363 1283 2410 con-

165 2451 366 2524 trabendum
392 2456 520 2524 omnino
546 2453 726 2537 inhabites,
749 2469 782 2525 et
808 2452 1002 2527 huiusmodi
1029 2468 1221 2526 contractus
1238 2455 1283 2524 ir-

164 2569 247 2639 ritos
271 2593 348 2640 esse
372 2568 522 2642 decernit
544 2571 658 2664 (36).»
675 2567 726 2668 hc*
740 2595 872 2641 rursum
900 2568 979 2640 Pius
1005 2570 1062 2640 lx.
1085 2568 1120 2640 in
1146 2569 1284 2640 damna·

169 2683 258 2758 tione
283 2711 362 2783 opp.
381 2687 417 2758 lo
434 2686 661 2784 Nepomuceni
686 2687 813 2785 Nuytz,
834 2699 871 2756 ut
895 2683 981 2758 alias
1006 2683 1172 2771 vidimus,
1194 2683 1284 2756 idem

167 2798 276 2872 docet.

245 2915 451 3000 Contractus,
473 2918 531 3016 qui
547 2934 686 2991 vocatur
703 2918 811 2989 civilis
830 2917 1047 3000 matrimonii,
1064 2941 1131 2987 non
1149 2931 1201 2987 est
1218 2915 1285 2986 nisi

172 3056 291 3103 recens
309 3032 482 3105 inventum
501 3033 561 3105 toti
580 3032 786 3106 christianae
811 3032 1005 3131 antiquitati
1030 3031 1235 3126 incognitum
1253 3046 1288 3101 at

172 3147 378 3234 inauditum,
395 3165 431 3221 ut
444 3176 464 3221 a
477 3150 576 3223 nobis
593 3148 857 3222 demonstratum
870 3164 932 3221 est.
947 3149 981 3218 Si
996 3147 1160 3243 viguisset
1172 3144 1284 3217 medio

171 3286 253 3336 aeuo
275 3289 363 3336 nova
385 3264 469 3337 haec
491 3265 664 3337 distinctio
689 3265 776 3336 inter
800 3278 1005 3336 contractum
1031 3261 1164 3333 civilem
1182 3277 1215 3336 et
1232 3284 1287 3332 sa·

171 3395 405 3470 aramentum,
435 3380 582 3480 proiecto
608 3381 700 3453 illius
725 3379 844 3452 aetatis
871 3378 1109 3479 imperatores,
1130 3400 1287 3474 regesne

173 3493 370 3594 principes,
408 3496 468 3595 qui
501 3512 675 3596 tantopere
707 3494 883 3567 inhiabant
908 3494 1036 3594 nuptiis
1062 3493 1212 3580 illicitis,
1240 3508 1289 3564 tot

173 3610 404 3686 contentiones
427 3639 503 3686 cum
529 3612 714 3714 apostolica
739 3613 844 3697 sede,
875 3637 964 3710 quae
989 3610 1123 3684 illorum
1149 3609 1287 3682 nefariis

172 3726 350 3802 conatibus
376 3728 505 3802 sortiter
531 3757 569 3803 se
595 3755 633 3802 se
657 3728 866 3828 opponebat,
889 3754 955 3800 non
981 3727 1198 3813 habuissent,
1226 3749 1288 3796 nec

175 3856 340 3939 tyrannus
360 3845 527 3918 Henricus
548 3846 634 3916 Vlll.
657 3869 694 3918 se
713 3871 752 3918 ac
778 3869 916 3941 regnum
943 3843 986 3916 ab
1011 3841 1154 3915 ecclesia
1178 3840 1290 3912 catho

177 3955 242 4031 lica
259 3959 419 4033 scidisset
436 3975 513 4058 post
529 3961 713 4034 exhaustas
729 3987 846 4033 omnes
866 3959 1131 4031 machinationes
1144 3956 1188 4028 ad
1201 3982 1285 4029 rom.

177 4073 371 4171 pontificem
402 4077 676 4174 expugnandum.
705 4079 788 4150 Nam
818 4075 1008 4174 potuissent
1033 4072 1206 4147 commode
1232 4097 1291 4169 per

248 4341 300 4404 (³6)
313 4345 341 4393 ln
358 4346 440 4395 Brevi
453 4344 491 4396 ad
504 4344 633 4396 flettona.
647 4347 795 4396 mosbour.
810 4348 848 4396 14.
859 4343 926 4406 sept.
940 4344 1008 4392 1746.
