2872 5062
254 381 323 432 aar.
341 381 386 454 ιιι.
401 377 443 428 ιιι
459 381 577 443 saeua.
595 381 653 432 nno
670 381 750 433 naon
767 381 807 432 nn
825 379 1069 432 uenantum.
1093 381 1140 432 ιιι.
1195 360 1264 431 43Ἷ

157 524 238 571 nam
266 498 317 572 uti
343 499 535 573 hoereticum
567 498 674 572 luisse
708 499 744 570 in
777 497 956 572 Constitut.
989 497 1156 574 Auctorem
1190 497 1269 597 fidei

157 615 352 689 damnatam
377 641 497 715 propp.
526 614 597 686 LIX
621 629 654 687 et
678 613 743 686 LX.
772 639 858 713 quas
884 611 985 712 paulo
1014 626 1092 685 ante
1116 612 1269 687 recitavi-

158 758 255 816 mus;
284 720 466 830 inquibus
493 729 685 804 haeretioali
708 746 787 803 nota
811 728 990 826 configitur
1013 728 1268 827 pistoriensium

156 843 329 931 doctrina,
357 870 425 943 qua
449 843 614 917 tribuitur
633 843 845 944 principibus
872 857 1023 943 potestas
1049 840 1265 929 immutandi,

157 957 316 1032 abolendi
330 974 389 1031 aut
402 956 627 1031 substituendi
654 958 893 1059 impedimenta
917 954 1166 1030 matrimonium
1191 955 1270 1028 diri-

158 1088 295 1146 mentia.

230 1187 332 1261 Miror
354 1211 434 1261 vero
456 1188 606 1287 potuisse
627 1205 791 1262 oratorem
812 1187 1029 1286 subalpinum
1045 1187 1147 1260 etiam
1167 1204 1269 1285 atquo

157 1304 259 1376 etiam
290 1302 461 1376 affirmare
491 1303 702 1378 matrimonia
732 1302 944 1377 clandestina
978 1317 1055 1375 ante
1089 1300 1268 1375 concilium

158 1417 376 1490 tridentinum
400 1443 465 1488 nort
488 1417 705 1516 subaerato,
733 1443 810 1490 oum
836 1431 951 1516 aperte
968 1416 1033 1489 hoo
1055 1415 1168 1515 ipsum
1193 1441 1271 1489 oon-

156 1531 273 1604 oilium
298 1529 479 1603 anathema
499 1531 536 1604 in
556 1557 615 1605 eos
632 1531 904 1630 pronunciaverit
933 1531 1007 1630 qui*
1023 1531 1194 1627 negaverit
1223 1530 1272 1603 lu

158 1644 228 1718 isse
244 1669 322 1718 otro
339 1659 370 1716 et
384 1658 477 1728 roto,
498 1669 538 1717 ao
554 1645 684 1718 tamdiu
699 1672 777 1718 uero
794 1660 826 1718 et
840 1659 916 1716 roto
938 1666 1134 1743 permanere
1151 1671 1271 1743 quam-

158 1760 217 1833 diu
239 1786 307 1833 non
329 1759 429 1832 luerit
446 1785 546 1832 suum
564 1761 735 1834 decretum
752 1760 1020 1859 promulgatum,
1041 1774 1140 1859 prout
1158 1760 1271 1858 reipsa

157 1875 240 1948 talia
258 1874 370 1949 adhue
386 1900 461 1948 eam
477 1874 546 1947 vim
565 1875 691 1947 habent
714 1875 759 1948 iis
784 1874 940 1949 omnibus
966 1876 1001 1947 in
1025 1873 1111 1948 locis
1134 1875 1170 1946 in
1195 1873 1272 1974 qui-

158 1991 223 2064 bus
247 1991 396 2064 nondum
421 2005 473 2062 est
497 1988 715 2089 publicatum.

231 2105 329 2191 Quod
340 2119 452 2178 autem
466 2104 589 2177 asserit
600 2103 644 2177 de
653 2104 798 2178 concilio
815 2105 987 2179 sanciente
999 2105 1094 2178 illum
1107 2130 1271 2178 canonem

158 2219 364 2315 (decretum)
377 2219 422 2293 ob
434 2218 679 2316 delegationem
692 2219 906 2319 principum,
928 2219 1057 2318 duplioi
1073 2245 1182 2320 eoque
1198 2245 1272 2318 gra·

157 2332 297 2406 vissimo
327 2358 439 2406 errore
472 2332 609 2418 nititur,
642 2332 745 2406 altero
775 2334 873 2432 sueti,
907 2336 992 2406 iuria
1022 2333 1137 2407 altero.
1168 2333 1271 2415 Error

156 2446 236 2520 laeti
254 2463 326 2534 est,
346 2446 437 2546 quod
460 2445 552 2519 eard.
573 2445 811 2543 lotharingiae
836 2447 917 2520 dnm
940 2447 1069 2544 rogavit
1092 2447 1270 2521 concilium

158 2577 196 2635 ut
221 2561 371 2634 irritaret
393 2560 550 2656 coniugia
574 2560 784 2633 clandestina
800 2561 844 2634 ob
867 2563 1044 2635 innumera
1062 2588 1149 2660 pene
1167 2561 1269 2650 mala,

157 2702 247 2777 quae
271 2674 393 2748 exinde
417 2673 654 2761 dimanabant,
683 2673 890 2748 transtulerit
914 2676 950 2746 in
974 2675 1155 2750 concilium
1181 2693 1273 2776 poto-

156 2807 300 2877 atatem,
328 2815 396 2888 qua
422 2789 579 2889 princeps
614 2804 733 2862 natura
762 2804 814 2863 est
844 2790 1039 2865 instructus.
1073 2793 1175 2864 Porro
1203 2806 1273 2864 tan-

158 2923 229 2979 tum
253 2905 350 2978 abest
365 2920 404 2977 ut
421 2903 604 2976 Galliarum
627 2930 684 2976 rex
706 2905 875 2978 oensuerit
898 2931 960 3003 per
982 2922 1146 2979 oratorem
1171 2930 1272 2978 suurn

156 3018 364 3094 cardinalem
384 3018 639 3115 lotharingiam
664 3017 820 3115 delegare
845 3035 1044 3118 potestatem
1069 3045 1167 3093 suam
1193 3047 1270 3094 oon-

156 3134 263 3221 cilio‚
296 3148 336 3206 ut
366 3147 529 3206 statueret
552 3131 638 3204 illud
667 3131 831 3206 dirimens
858 3132 1156 3232 impedimentum,
1184 3134 1269 3232 quin

156 3249 269 3350 potins
292 3249 404 3320 eaiut'o
423 3247 577 3346 precibus
600 3245 781 3320 concilium
807 3248 990 3344 rogaverit,
1011 3264 1049 3321 ut
1072 3248 1273 3344 dignaretur

154 3364 326 3438 eiusmodi
351 3362 565 3435 matrimonia
590 3361 686 3435 irrita
708 3361 831 3435 lacere.
851 3362 957 3461 ldque
977 3389 1044 3436 non
1061 3364 1138 3438 sine
1154 3365 1271 3463 ingen-

156 3478 248 3552 tibus
272 3476 529 3550 difficultatibus
554 3475 699 3550 obtinuit
716 3477 874 3550 laudatus
893 3477 1077 3552 cardinalis
1095 3506 1116 3553 a
1131 3479 1272 3553 concilii

157 3592 330 3695 patribus,
349 3616 494 3692 quorum
517 3590 625 3690 aliqui
646 3591 683 3664 in
700 3609 845 3688 negante
868 3593 1036 3666 sententia
1052 3595 1274 3693 perstitemnt

156 3728 244 3808 pene
256 3733 367 3807 usque
379 3707 424 3780 ad
436 3706 601 3780 sessionis
621 3706 715 3780 illius
732 3706 834 3780 linem
852 3709 966 3804 (tto).
984 3709 1023 3781 ld
1037 3735 1080 3782 ne
1095 3726 1147 3782 est
1165 3726 1273 3784 trans
1359 3804 1362 3807 Δ

155 3824 289 3896 mittere
306 3836 506 3920 potestatem
525 3822 561 3894 in
577 3821 739 3909 alterum,
755 3822 924 3897 anterius
937 3847 1122 3921 agnoscere
1134 3848 1179 3898 'ao
1195 3851 1275 3925 pro-

157 3938 244 4012 fiteri
278 3964 317 4010 se
341 3937 407 4010 bae
431 3952 596 4036 potestate
620 3936 720 4039 plane
751 3964 828 4012 esse
856 3938 1083 4012 destitutum?
1109 3939 1271 4028 Accedit,

155 4051 251 4151 quod
274 4051 368 4124 oard.
396 4051 633 4149 lotharingiae
657 4052 726 4124 duo
751 4052 841 4148 ragis
867 4053 921 4125 sui
945 4052 1083 4126 nomine
1110 4080 1133 4126 a
1161 4053 1276 4127 conm-

155 4166 204 4240 lio
236 4165 481 4264 postulaverit,
517 4182 587 4240 tum
620 4165 841 4242 irritationem
876 4166 1108 4265 coniugiorum
1136 4167 1275 4243 otende-

156 4300 160 4307 ’
231 4301 574 4399 (interrumpet
593 4334 691 4387 treet
