2872 5062
158 329 228 401 196
358 351 420 403 nm.
441 351 465 403 r.
485 349 571 404 secr.
592 351 616 402 r.
637 350 678 401 nn
695 350 826 402 utram.
850 349 1064 403 srcmurrtro.

157 471 232 569 ipse
255 483 444 544 contractus
468 467 654 566 coniugalis
682 468 781 568 plene
805 494 846 542 ac
869 468 1014 568 perfecte
1038 467 1073 539 in
1099 475 1266 541 suo'esse

156 584 375 672 constitutus,
395 583 450 657 cui
466 582 590 657 deinde
607 583 778 657 accederet
800 583 903 657 veluti
927 582 1072 683 qualitas
1097 581 1274 681 quaedam.

156 697 345 772 extrinseca
368 698 452 772 ratio
476 697 700 772 sacramenti?
728 697 822 771 Idem
845 722 924 772 vero
947 696 1125 770 concilium
1150 698 1273 771 matri.

157 813 305 887 monium
325 813 438 913 ipsum
453 813 584 888 vocavit
600 828 862 899 sacramentum
878 838 958 910 ergo
974 812 1152 887 concilium
1169 813 1268 910 igno·

158 926 243 1002 ravit
267 926 433 1002 eiusmodi
449 926 718 1014 distinctionem,
739 943 773 1000 et
788 926 847 1026 qui
865 952 939 1000 eam
956 926 1188 1014 introducunt,
1208 927 1272 1000 ad·

157 1057 334 1118 versantur
357 1040 458 1141 plane
480 1042 653 1116 doctrinae
675 1042 828 1117 eiusdem
852 1042 1000 1116 concilii.
1171 1049 1174 1055 '

223 1158 314 1232 Haec
326 1173 435 1232 autem
448 1157 580 1233 concilii
592 1184 686 1232 mens
700 1157 824 1231 clarius
835 1157 1043 1254 dignoscitur
1050 1183 1091 1231 ex
1099 1156 1276 1245 doctrina,

159 1298 261 1371 quam
285 1272 471 1346 canonibus
497 1273 570 1347 suis
600 1273 785 1372 praemisit.
810 1272 942 1346 Etenim
968 1271 1145 1346 concilium
1170 1273 1271 1346 docet

159 1385 328 1464 Christum
345 1385 578 1460 sanctificasse
594 1387 701 1485 gratia
718 1413 782 1460 sua
798 1413 945 1459 amorem
958 1385 1156 1474 naturalem,
1173 1400 1208 1459 et
1218 1386 1274 1458 in·

159 1499 392 1576 dissolubilem
413 1501 574 1575 unitatem
592 1500 752 1575 connubii
770 1501 1009 1589 confirmasse3
1025 1528 1066 1574 ox
1078 1527 1145 1600 quo
1157 1500 1274 1574 intulit

159 1614 406 1691 matrimonium
430 1614 465 1690 in
490 1614 563 1712 lege
587 1614 780 1712 evangelica
803 1616 971 1689 veteribus
1003 1614 1180 1690 connubiis
1210 1640 1279 1714 per.

160 1730 331 1804 Christum
363 1746 557 1829 praestare,
595 1745 696 1829 atque
729 1730 855 1804 idcirco
879 1731 997 1804 meritc
1021 1729 1273 1804 matrimonium

112 1936 115 1941 ,
160 1844 247 1918 inter
270 1869 377 1918 norae
401 1843 486 1942 legis
512 1859 721 1918 sacramenta
742 1844 985 1918 connumerari.
1007 1842 1104 1929 Quod
1122 1842 1275 1942 protecto

161 1985 369 2061 consequens
387 1986 455 2033 non
472 1977 581 2048 esset,
602 1961 632 2033 si
650 1977 893 2034 sacramentum
919 1975 1009 2034 esset
1033 1986 1087 2033 res
1112 1958 1279 2033 distinete

162 2075 205 2151 ab
222 2077 298 2176 ipso
315 2076 543 2164 matrimonio,
564 2102 625 2150 seu
643 2102 663 2153 a
679 2091 849 2151 contractu
870 2074 1037 2172 coniugali
1055 2101 1116 2172 per
1135 2099 1174 2147 se
1189 2073 1283 2148 sub-⁴,

162 2193 313 2268 sistente.
1177 2253 1181 2262 .

116 2350 117 2354 =
216 2323 217 2328 ’
236 2310 271 2385 2.
301 2307 464 2384 Probatur
480 2335 521 2382 ex
538 2308 731 2382 eorumdem
749 2324 964 2406 patronorum
982 2304 1168 2379 sententiae
1188 2303 1274 2377 Cani

161 2439 277 2522 aperta
290 2423 454 2496 doctrina.
467 2424 537 2522 Ipsi
550 2423 640 2500 enim
658 2449 816 2521 expresse
833 2421 1026 2496 inficiantur
1042 2419 1123 2494 oriri
1136 2446 1179 2495 cx
1189 2417 1279 2494 cani,

161 2538 341 2638 opinione,
362 2554 421 2611 aut
438 2539 624 2612 subsistere
641 2538 806 2614 eiusmodi
831 2537 1085 2612 distinctionem.
1098 2544 1280 2635 postcom-

162 2652 284 2726 fectum
300 2679 361 2752 per
377 2653 561 2726 sacerdotis
577 2653 843 2726 benedictionem
868 2668 1124 2729 sacramentum.
1145 2651 1277 2751 Docent

162 2764 304 2866 proinde
328 2765 478 2838 unanimi
504 2791 672 2840 consensu
697 2783 942 2842 sacramentum
967 2765 1277 2843 matrimoniiccu·

164 2879 282 2959 sistere
294 2879 330 2952 in
345 2879 420 2979 ipso
432 2879 567 2955 vinculo
581 2880 714 2956 unionis
727 2880 928 2978 coniugalis,
944 2897 977 2953 et
988 2906 1049 2980 per
1061 2902 1282 2978 consequens.

162 2995 283 3072 docent
298 2994 545 3072 matrimonium
564 2995 656 3068 aliud
674 3021 741 3068 non
758 3022 835 3070 esse
852 2995 919 3071 nisi
937 3011 1142 3069 contractum
1159 2995 1277 3097 ipsum

163 3110 206 3184 ad
231 3110 430 3185 sacramenti
456 3108 654 3207 dignitatem
678 3127 849 3197 evectum,
869 3111 905 3184 ri
920 3110 1016 3186 cuius
1035 3109 1073 3183 fit
1089 3108 1175 3185 baec
1187 3108 1281 3185 unic

164 3226 298 3322 signum
323 3226 504 3326 mysticum
529 3225 773 3301 coniunctionis
791 3224 916 3298 Christi
934 3250 1010 3297 eum
1034 3223 1278 3311 aurasiensi

163 3338 261 3435 signo
284 3338 456 3412 aGhristo
480 3339 610 3416 adnexa
634 3354 686 3411 est
710 3337 860 3420 efficacia
884 3338 1090 3437 producendi
1115 3337 1272 3434 gratiam.

236 3453 286 3527 lta
311 3453 463 3552 Sylvius,
492 3454 551 3552 qui
576 3452 712 3529 scribit:
737 3483 754 3522 r
770 3454 812 3525 Ut
827 3468 940 3532 autem
957 3453 1208 3528 matrimonium
1225 3469 1278 3526 est

163 3583 409 3645 sacramentum
426 3594 532 3642 novae
549 3567 651 3665 legis,
669 3568 716 3640 ita
734 3583 843 3666 potest
859 3568 1009 3641 definiri:
1025 3568 1282 3641 matrimonium⁴

163 3697 216 3755 est
233 3681 493 3757 christianorum
510 3682 574 3755 viri
587 3700 620 3756 et
632 3683 797 3757 foeminae
815 3696 1033 3782 personarum
1051 3682 1277 3780 legitimarum

163 3797 373 3887 coniunctio,
401 3796 454 3870 rel
479 3813 667 3871 contractus
695 3798 858 3874 maritalis
884 3798 928 3871 ad
952 3798 1163 3871 individuam
1186 3797 1277 3870 ritae

164 3913 356 3987 societatem
380 3911 588 3985 retinendam
606 3913 798 4001 institutus,
815 3929 848 3986 et
863 3913 1005 4011 gratiam
1022 3911 1183 4010 coniuges
1200 3901 1276 3986 sen·

88 4046 90 4051 ’
163 4027 364 4102 ctificantem
389 4026 583 4102 conserendi
607 4027 675 4100 vim
700 4027 830 4101 habens
850 4031 991 4124 (18).»4

240 4278 290 4340 tte)
307 4279 404 4331 Getam.
414 4277 441 4329 iu
451 4279 533 4342 quart.
545 4279 629 4329 xtvl.
640 4275 732 4340 suppl.
743 4277 790 4326 art.
803 4284 826 4327 s.
