2872 5062
176 326 243 396 tlt
358 346 419 397 urs.
442 348 465 395 t.
487 346 594 396 sucuro
611 347 741 396 aarum.
764 347 1084 399 usuaratuuorvtn.

244 465 355 538 Prima
372 465 485 564 itaque
497 481 549 537 est
562 465 688 562 optima
706 462 822 562 populi
845 464 948 535 animi
975 465 1201 562 comparatio,
1220 467 1277 565 qui

171 581 215 653 ab
235 579 416 652 omissione
438 580 522 651 ritus
549 576 697 675 religiosi
724 602 863 676 prorsus
889 577 1059 651 abhorret.
1088 579 1177 676 Ergo
1202 580 1282 653 inde

171 721 233 793 ege
259 692 445 768 concludo:
475 691 620 791 populus
646 691 838 764 meliorest
862 691 1112 788 legislatoribus
1130 693 1220 780 suis,
1241 720 1281 768 ac

171 813 256 910 lege,
276 838 377 912 wem
396 809 590 883 huiusmodi
617 810 770 884 homines
792 835 812 882 a
833 808 958 910 populo
983 810 1133 911 deputati
1159 811 1282 887 uellent

170 929 199 1002 ei
219 929 401 1027 imponere.
418 925 489 999 Hoc
502 926 592 998 idem
605 941 657 998 est
670 951 710 998 ac
723 924 818 997 lateri
834 925 949 1025 populi
963 952 1100 1000 sensum
1115 953 1155 1000 ao
1168 955 1280 1003 mores

170 1043 359 1144 superiores
384 1065 459 1114 esse
485 1040 550 1140 legi
577 1067 616 1114 ac
641 1042 713 1114 suis
737 1040 998 1139 legislatoribus.
1029 1042 1101 1116 Hoc
1126 1061 1179 1117 cst
1203 1071 1280 1144 pro

170 1157 254 1231 fiteri
280 1156 423 1254 ingenue
443 1182 509 1229 non
533 1155 640 1253 legem
666 1180 774 1228 mores
799 1154 963 1252 dirigere,
992 1155 1051 1230 sed
1077 1183 1189 1232 mores
1218 1186 1280 1260 po-

52 1266 55 1270 ’
169 1272 238 1372 puli
271 1270 378 1370 legem
412 1271 579 1370 corripere
605 1285 638 1344 ct
661 1269 872 1367 legislatores
905 1296 1010 1357 suos,
1045 1287 1145 1371 atque
1180 1270 1280 1348 tacite

169 1384 369 1487 exprobrare
393 1411 558 1472 errorem,
581 1385 849 1459 immoralitatem
873 1411 912 1458 ac
937 1386 1189 1484 perversitatem
1216 1389 1280 1464 du-

167 1527 244 1575 cum
270 1526 428 1586 suorum;
458 1500 521 1573 hoc
547 1515 600 1573 est
624 1499 771 1599 profiteri
796 1498 841 1572 ab
865 1499 951 1600 ipsis
977 1500 1100 1601 pepuli*
1117 1503 1279 1602 delegatis
1329 1489 1332 1495 ¹

168 1616 232 1690 hac
244 1614 319 1713 lege
330 1629 444 1689 votum
457 1639 497 1688 ao
510 1613 718 1686 desiderium
736 1612 853 1712 populi
872 1613 980 1688 luisse
997 1614 1170 1689 violatum.
1189 1617 1277 1704 Quid

167 1756 266 1832 porro
292 1730 401 1827 magis
427 1755 622 1828 perversum
640 1727 708 1801 dici
727 1744 838 1828 potest
860 1730 1022 1804 adversus
1041 1730 1168 1829 legem,
1190 1759 1277 1832 quae

168 1843 314 1919 iustitiae
339 1870 380 1917 ac
405 1842 616 1917 rectitudinis
638 1868 755 1915 norma
780 1868 856 1915 esse
874 1841 1040 1917 deberet?
1065 1845 1154 1931 Quid
1180 1847 1278 1945 igno-

156 1959 346 2033 miniosum
363 1958 472 2057 magis
489 1959 556 2032 dici
577 1974 687 2059 potest
711 1958 873 2032 adversus
896 1957 1147 2056 legumlatores‚
1173 1977 1276 2061 quam

165 2075 255 2176 quod
280 2075 347 2175 ipsi
371 2075 406 2146 in
432 2099 534 2148 causa
560 2073 643 2160 sint,
670 2088 708 2145 ut
732 2071 847 2172 populi
874 2099 934 2172 per
957 2073 1065 2170 legem
1091 2075 1273 2152 daemones

165 2217 232 2264 uon
250 2191 349 2278 fiant,
366 2176 447 2263 ideo
459 2189 540 2289 quia
556 2188 630 2286 lege
648 2215 714 2262 nou
732 2187 897 2263 utuntur?
913 2188 1066 2263 Attamen
1084 2188 1151 2290 ipsi
1170 2209 1271 2280 sunt,

163 2307 221 2406 qui
248 2307 337 2381 hanc
357 2305 423 2379 sibi
449 2305 607 2378 infamiae
627 2321 739 2379 uotam
765 2305 902 2377 inurunt
918 2307 1007 2400 (tt).

235 2419 347 2505 Altera
371 2420 515 2492 huiusce
541 2419 804 2493 ratiocinationis
831 2443 909 2518 pars
932 2436 983 2492 est
1003 2419 1181 2514 innocuam
1203 2422 1272 2496 lore

163 2535 270 2638 legem
297 2535 340 2608 ob
372 2535 575 2634 paucitatem
606 2562 745 2623 eorum,
780 2535 839 2634 qui
872 2535 1064 2632 coniugium
1091 2536 1271 2612 houmere

164 2646 262 2722 civile
286 2648 420 2721 inirent.
441 2649 528 2746 Ergo
550 2649 669 2721 iterum
697 2649 894 2722 inserimus:
924 2650 1061 2748 ipsimet
1080 2651 1165 2749 legis
1196 2681 1273 2752 pro·

162 2777 365 2863 pugnatores
387 2761 584 2861 profitentur
601 2762 707 2860 legem
725 2790 784 2864 per
796 2789 834 2836 se
846 2761 978 2836 noxiam
997 2789 1093 2852 esse,
1115 2790 1177 2839 seu
1194 2792 1273 2864 gra-

160 2877 302 2953 vissima
326 2874 416 2949 mala
436 2874 618 2949 obventura
641 2901 718 2950 esse
743 2877 914 2964 societati,
942 2877 972 2950 si
998 2877 1051 2950 lex
1066 2879 1206 2976 passim
1231 2908 1272 2956 ac

163 2991 263 3089 vulgo
283 2989 469 3064 executioni
495 2991 727 3077 mandaretur3
757 2991 893 3091 ipsimet
916 2992 1008 3065 baud
1033 2993 1267 3086 dissimulant,

159 3105 252 3206 quod
278 3104 307 3177 si
333 3103 494 3203 plurimi,
522 3120 581 3177 aut
612 3103 764 3205 plerique
795 3105 919 3177 civium
952 3105 1119 3206 eiusmodi
1146 3107 1271 3184 inirent

160 3219 334 3317 coniugia,
356 3218 391 3290 id
410 3219 542 3292 cederet
566 3219 601 3290 in
627 3219 861 3314 detrimentum
884 3221 1078 3309 societatis
1093 3223 1192 3298 cuius
1218 3224 1270 3297 in-

160 3333 341 3408 columitati
364 3349 465 3432 atque
487 3333 623 3407 utilitati
651 3333 725 3433 ipsi
743 3334 910 3422 maxime,
939 3336 1041 3409 immo
1064 3362 1144 3411 vero
1160 3339 1270 3421 ‚unice

159 3449 295 3522 studere
313 3474 350 3521 se
367 3448 503 3538 iactant.
529 3450 647 3549 ltaque
672 3475 738 3522 non
763 3449 848 3547 legi,
870 3476 937 3547 non
962 3450 1212 3548 legislatoribus
1230 3457 1267 3526 'in

157 3562 307 3661 acceptis
331 3561 446 3636 referri
481 3562 604 3651 debet,
639 3563 729 3662 quod
762 3564 905 3637 societas
935 3564 978 3637 ad
1003 3566 1136 3639 ruinam
1162 3594 1201 3642 ac
1226 3569 1267 3641 ad

158 3676 329 3750 interitum
354 3677 617 3775 praecipitanter
641 3702 708 3751 nou
733 3693 898 3778 properet,
915 3678 975 3751 sed
992 3681 1159 3778 practicae
1184 3682 1266 3782 legis

157 3791 384 3867 desuetudini.
406 3793 449 3864 Et
471 3792 506 3863 hi
533 3792 753 3866 nibilominus
772 3819 810 3866 se
826 3792 944 3893 populi
962 3819 1002 3867 ac
1019 3796 1194 3871 societatis
1217 3814 1265 3871 tu·

157 3924 245 3999 teres
270 3923 524 4008 servatmesquc
548 3935 743 4008 nuncupare
768 3935 835 3982 non
858 3910 1035 3984 verenturl

228 4020 337 4122 Atque
349 4022 477 4094 utinam
492 4021 547 4095 bic
561 4023 694 4097 sisteret
710 4023 849 4098 istorum
868 4024 1027 4112 audacia3
1045 4027 1105 4099 sed
1123 4027 1263 4100 ulterius

156 4137 326 4235 progressi
349 4136 544 4211 adnituntur
557 4165 731 4211 numerum
749 4167 863 4215 eorum
882 4165 1015 4238 augere,
1037 4139 1096 4240 qui
1115 4140 1263 4216 exitiales

228 4287 278 4351 (5³)
294 4287 333 4338 cl.
347 4289 433 4340 sauzet
445 4302 484 4352 op.
498 4289 539 4340 cit.
553 4303 607 4354 pag.
618 4298 646 4341 22
656 4302 725 4354 seqq.
