2872 5062
157 361 202 431 ai
357 381 418 431 tm.
439 382 462 430 r.
483 380 570 431 secr.
592 380 1088 432 1.·nrurrmu.srcmumrro..,
1122 390 1144 429 κ
1172 404 1175 413 -

156 499 277 574 veteris
301 513 334 571 et
358 523 462 572 novae
492 499 603 597 legis;
639 524 749 599 neque
780 498 938 573 cohaeret
958 524 1037 571 cum
1063 496 1140 572 aliis
1153 502 1166 584 ,'
1190 498 1275 599 qnia

156 616 277 689 latetur
299 614 519 687 communiter
533 629 660 688 ceteros
679 613 852 712 theologos
869 613 1071 687 contrarium
1088 629 1215 688 tenere.
1231 614 1276 688 lit

156 728 269 830 reipsa
293 755 359 804 non
382 729 534 803 innititur
558 728 602 802 ad
626 728 1056 804 fulciendamscntentiam
1081 754 1180 803 suan
1205 729 1273 804 nisi

157 845 345 920 auctoritati
372 847 472 918 trium
497 844 749 918 canonistarum
774 847 846 942 (92)
869 861 903 918 ct
923 846 1075 943 glossae,
1098 844 1143 919 ob
1165 843 1275 920 levem

157 961 250 1035 illam
263 962 438 1048 rationem,
448 961 552 1060 quod,
566 960 596 1032 si
610 987 671 1059 per
682 961 933 1035 matrimonium
946 961 1186 1060 produceretur
1197 987 1276 1058 gra·

157 1077 222 1166 tia,
243 1078 312 1150 iam
328 1103 396 1150 non
413 1077 530 1175 posset
546 1076 676 1176 absque
700 1076 864 1150 simoniae
889 1076 964 1148 labe
982 1076 1110 1175 pacisci
1121 1075 1166 1151 dc
1179 1075 1270 1152 dote.

156 1193 220 1267 His
245 1192 368 1265 adiecit
388 1209 506 1291 postea
524 1193 719 1290 Magistrum
745 1192 1004 1277 sententiarum,
1025 1191 1181 1290 quamvis
1198 1192 1275 1267 ,ini-

156 1306 294 1394 merito,
318 1321 356 1378 ut
378 1306 480 1404 paulo
504 1322 581 1379 ante
604 1305 764 1380 vidimus.
780 1304 889 1404 Atque
913 1305 994 1378 hinc
1018 1304 1142 1378 factum
1163 1316 1275 1383 estssut

156 1423 272 1495 omnes
298 1422 369 1496 sire
388 1422 520 1509 coaevi,
547 1422 619 1497 sire
640 1421 886 1520 subsequentes
912 1419 1106 1495 scholastici
1131 1419 1167 1492 in
1193 1447 1273 1495 eum

157 1535 221 1609 bac
245 1536 289 1608 dc
313 1561 418 1609 causa
442 1535 694 1610 insurrexerint.
1189 1606 1219 1643 ·.
1269 1602 1275 1615 ‚

166 1682 183 1721 .·
213 1651 289 1725 lure
309 1651 425 1751 itaque
447 1652 633 1751 meritoque
654 1651 894 1726 affirmavimus
918 1651 1009 1725 bunc
1026 1665 1194 1725 auctorem
1210 1666 1275 1725 sua

157 1767 278 1864 agendi
309 1768 436 1841 ratione
463 1793 530 1840 non
559 1767 658 1840 modo
682 1793 749 1841 non
772 1767 964 1854 infirmare,
992 1766 1054 1841 scd
1075 1765 1275 1846 confirmttta

157 1881 271 1979 potius
294 1881 555 1955 ecclesiasticam
580 1882 647 1954 hac
667 1881 703 1954 in
729 1908 766 1956 rc
788 1881 1010 1956 traditionem.
1033 1880 1275 1965 Confirmatio

157 1997 472 2095 doctrinagcnerali
497 1998 541 2070 de
565 1999 803 2085 sacramentis,
827 1998 863 2070 in
884 1997 1079 2071 discrimine
1102 1997 1274 2097 quod..ch

158 2112 244 2211 ipse·
261 2112 448 2211 assignavit
471 2139 511 2187 ex
536 2113 704 2189 communi
728 2112 945 2191 doctrinassde
963 2112 1275 2196 diversaefficacia

158 2231 581 2304 sacramentorumvcteris
603 2256 643 2303 ac
664 2229 894 2327 novaelegis,
916 2230 951 2301 in
973 2254 1012 2303 eo
1035 2229 1126 2329 quod
1143 2229 1278 2315 nullum

157 2371 218 2445 pro
242 2372 306 2419 sua
330 2345 496 2420 sententia
521 2346 643 2419 afferre
667 2344 1045 2443 potuerit-theologum,
1067 2345 1103 2416 in
1118 2369 1160 2426 eo
1182 2343 1277 2447 quod

157 2461 278 2535 fatetur
296 2461 340 2534 de
360 2462 525 2534 contraria
550 2462 584 2533 in
613 2460 739 2534 scholis
763 2460 897 2556 rigente
921 2460 1093 2547 doctrina,
1113 2459 1149 2533 in
1167 2459 1275 2559 impu·

158 2576 316 2672 gnatione
332 2575 479 2678 denique
497 2602 599 2675 quam
614 2576 781 2649 sustinere
797 2574 914 2648 debuit
925 2602 946 2648 a
958 2575 1097 2675 reliquis
1110 2573 1276 2686 theologis

158 2689 316 2763 omnibus
329 2693 418 2785 (93).
1264 2736 1267 2773 ;

161 2850 168 2859 .
206 2802 384 2902 Reliquum
393 2821 500 2891 estut,
510 2805 1277 2906 quemadmodum'proposuimus,examini-‚erig

159 2918 224 2992 tico
238 2917 456 2993 'subiiciamus
466 2920 599 2993 Petrum
609 2914 830 3009 Paludtinum,
843 2922 902 3020 qui
914 2921 1015 3018 vulgo
1026 2921 1114 3005 inter
1122 2942 1277 3007 ¹confimo,-¹

158 3034 327 3108 numerari
341 3035 514 3108 consuevit
526 3036 586 3135 qui
599 3036 737 3109 inficiati
752 3052 903 3134 suntpcr
914 3035 1112 3132 coniugium
1118 3034 1277 3125 christia3
1296 3021 1299 3027 ¹

159 3175 240 3221 num
253 3149 395 3246 gratiam
408 3149 924 3224 conferri-sacramentalemlsr
937 3150 1103 3237 immerito
1116 3163 1276 3237 etcontra

159 3273 293 3337 omnem
309 3264 482 3338 veritatem
499 3265 563 3338 bac
576 3266 619 3338 de
631 3292 668 3338 re
679 3282 873 3340 accusatum
887 3265 1056 3360 insignem
1075 3264 1165 3337 hunc
1183 3263 1276 3353 theo-¹

159 3378 271 3475 logum
289 3379 397 3454 fuisse
414 3406 481 3453 non
499 3380 600 3455 mode
613 3381 828 3455 manifestum
841 3396 892 3452 est
904 3406 945 3453 ex
957 3379 1017 3468 iis,
1034 3405 1122 3478 quac
1139 3377 1277 3477 scripsit

191 3676 193 3680 ,
232 3636 282 3699 (aa)
298 3622 370 3688 Tales
386 3639 444 3686 suni
458 3636 619 3700 Gaulirirlus,
636 3638 768 3700 ostiensis,
782 3639 807 3688 et
821 3636 923 3700 quidem
938 3633 1078 3686 Bernartius
1087 3632 1113 3683 ln
1123 3633 1273 3697 Appcrottt,

233 3716 282 3778 (aa)
296 3717 417 3774 Quocirca
430 3715 551 3766 Dominio.
561 3717 620 3766 soto
629 3716 655 3765 in
665 3729 707 3780 op.
715 3719 749 3767 ln
759 3719 776 3766 l
780 3719 807 3767 V.
818 3715 917 3766 tibrum
924 3715 1078 3765 sententiar.
1084 3710 1274 3761 commutent.

159 3797 321 3859 llelymneea
331 3795 418 3859 campi
431 3801 500 3860 lest.
513 3797 574 3846 tom.
587 3797 619 3846 ll.
632 3802 734 3859 pauso.
743 3795 888 3846 Durandum
898 3794 997 3845 vellicat
1008 3791 1127 3843 scribens:
1144 3791 1198 3840 «st
1210 3788 1275 3840 idem

158 3874 291 3925 Doraodus
307 3886 397 3938 negans
416 3874 641 3937 (matrimonium)
657 3874 768 3925 conterre
780 3875 900 3938 modam,
920 3872 993 3924 simul
1012 3871 1039 3920 in
1054 3870 1134 3934 prima
1149 3867 1274 3931 editione,

159 3958 187 4006 ut
204 3955 278 4006 refert
294 3955 441 4019 capreolus,
458 3955 556 4018 negavit
573 3967 626 4004 esse
641 3954 786 4018 simpliciter
806 3955 985 4004 sacramentum
1001 3963 1080 4001 norae
1095 3949 1173 4012 legisz
1190 3947 1234 4000 scd
1249 3947 1274 3997 in

159 4034 288 4099 posteriori
300 4032 420 4096 editione,
432 4034 490 4096 qula
501 4033 532 4084 dc
543 4034 589 4083 hec
604 4033 699 4084 haeresi
711 4034 775 4083 male
785 4032 913 4094 erudiebat,
924 4032 951 4081 ut
962 4030 1099 4094 pericolum
1108 4027 1156 4077 sibi
1167 4027 1274 4088 caveret,

158 4115 280 4166 concessit
293 4113 394 4179 quidem
408 4127 475 4177 esse,
487 4113 531 4164 sed
542 4116 624 4163 tamen
636 4112 748 4176 negando
762 4113 872 4163 conferre
885 4111 1002 4174 gratiam5
1013 4108 1071 4160 siid
1079 4107 1224 4171 simpliciter
1235 4118 1275 4157 nc·

158 4196 239 4257 gestet
256 4192 436 4256 asserendoque
455 4191 560 4243 subinde
582 4204 633 4242 non
650 4204 702 4242 csse
717 4205 775 4241 cum
791 4191 846 4240 aliis
862 4202 941 4239 norae
955 4188 1017 4252 legis
1031 4189 1175 4239 untvocum
1190 4197 1276 4249 parum

159 4271 207 4321 sibi
220 4272 332 4323 cavisset.
348 4273 380 4324 at
397 4270 454 4323 ideo
469 4271 549 4322 solum
564 4268 629 4320 dixit
645 4282 696 4320 nou
711 4281 765 4320 esse
781 4269 951 4320 hoerettcum.
966 4267 1040 4317 Fallit
1054 4267 1152 4328 tamen,
1169 4265 1217 4315 boc
1231 4275 1276 4314 cea

161 4350 288 4414 probabile
307 4349 475 4402 sustinendo.»
