2872 5062
323 373 392 422 cnr.
412 372 460 421 ιιι.
484 372 524 422 or
548 373 681 424 nxrmu.
703 373 815 424 unus
842 373 935 424 unes.
957 371 1028 423 mr.
1051 374 1099 424 ιιι.
1204 353 1272 426 31Ἶ

159 520 200 565 ex
214 506 311 590 parte
328 507 544 588 cognatorum
552 509 592 564 'et
605 491 773 580 affinium,
786 494 845 592 qui
864 493 1002 566 excitari
1021 492 1107 566 solet
1122 493 1167 565 ob
1184 495 1274 569 eius·

156 608 248 681 modi
266 607 437 704 coniugia;
462 609 530 680 vim
552 624 684 681 exercet
703 608 847 682 detectio
865 609 1073 695 defectuum,
1094 609 1153 707 qui
1179 610 1274 706 prius

155 722 323 811 latebant,
352 740 453 823 atque
470 725 512 797 ad
530 724 778 823 separationem
804 723 964 823 paulatim
985 723 1180 822 impellunt;
1205 725 1273 798 vim

157 854 290 911 exercet
314 838 391 939 ipsa
416 838 504 936 legis
530 840 729 939 impotentia
754 841 797 913 ad
824 853 1019 914 sartatecta
1041 840 1208 913 eiusmodi
1226 841 1275 913 ci·

157 953 241 1027 vilia
267 953 439 1028 connubia
464 955 707 1028 conservanda.
729 955 764 1026 Si
782 955 861 1054 quis
879 955 969 1026 enim
986 980 1202 1054 quacumque
1219 955 1274 1028 de·

156 1096 251 1142 mum
277 1097 318 1163 ex
341 1096 460 1143 causa·
473 1086 566 1168 optet
586 1069 721 1144 fictitias
744 1097 825 1144 suas
848 1071 983 1171 nuptias
1006 1071 1123 1145 civiles
1148 1070 1274 1145 dissol-

156 1211 264 1271 vere,
293 1200 330 1258 ut
356 1184 624 1258 iurisdictionem
649 1185 790 1282 effugiat
818 1186 1061 1282 magistratus,
1090 1187 1148 1285 qui
1175 1186 1274 1259 civile

157 1299 354 1398 coniugium
380 1300 477 1400 prius
504 1300 624 1372 initum
638 1307 780 1389 tuetur,
801 1327 841 1374 ac
859 1302 985 1374 servari
1004 1301 1096 1373 iubet
1109 1302 1229 1388 ,satis'
1240 1302 1272 1374 ei

156 1433 209 1490 est
233 1417 269 1489 in
300 1416 484 1490 finitimam
506 1417 676 1513 regionem
694 1443 732 1489 se
749 1418 900 1490 conferre
925 1443 1002 1491 cum
1027 1417 1140 1490 animo
1166 1416 1275 1490 domi·

157 1531 248 1620 cilii,
278 1548 336 1605 aut
361 1532 461 1631 quasi
487 1531 650 1605 domicilii
668 1532 716 1604 ibi
735 1533 895 1631 ponendi.
918 1534 968 1606 lbi
994 1533 1143 1607 exhibito
1169 1533 1290 1623 docu-¹

156 1659 271 1722 mento
302 1663 409 1721 status
435 1647 559 1734 liberi,
594 1647 685 1747 quod
710 1649 768 1736 ei,
797 1650 855 1748 qui
883 1649 956 1723 solo
969 1648 1070 1722 ‘civili
1088 1685 1090 1688 ⁴
1105 1648 1273 1723 'connuhio

158 1765 359 1854 coniunctus
384 1781 456 1851 est,
485 1764 668 1863 episcopus
688 1780 746 1837 aut
764 1765 933 1863 parochus
958 1765 1023 1839 loci
1048 1764 1141 1837 iuxta
1167 1765 1274 1838 eccle-

159 1880 232 1953 siae
255 1879 347 1977 lege's
373 1880 541 1976 denegare
567 1906 634 1953 non
660 1897 787 1978 potest,
810 1880 903 1952 nulla
926 1880 1016 1953 lacta
1040 1880 1213 1953 mentione
1229 1882 1274 1956 ci·

156 1995 237 2069 uilis
259 1995 425 2092 coniugii,
454 2003 570 2069 novas
585 1995 754 2067 contrahit
779 1995 916 2093 nuptias
934 1995 969 2065 in
986 1995 1073 2068 facie
1090 1994 1269 2082 ecclesiae,

158 2111 279 2211 sicque
295 2128 409 2184 actum
426 2127 478 2185 est
494 2112 538 2184 de
556 2111 660 2210 priori
678 2110 769 2184 civili
788 2110 957 2183 connuhio
975 2118 1075 2183 antea
1087 2117 1268 2182 contracto.

158 2227 235 2314 Quo
252 2227 288 2299 in
307 2252 392 2300 casu
408 2253 451 2300 en
470 2226 632 2299 familiam
649 2225 876 2312 dissolutam,
905 2224 984 2297 licet
1008 2223 1069 2296 lex·
1086 2249 1160 2297 eam
1186 2225 1279 2296 tueri

159 2367 223 2442 pro
236 2341 378 2426 ,uiribus
404 2358 509 2416 curet.
1274 2406 1276 2412 s

231 2459 281 2532 De
299 2456 404 2556 prolis
422 2484 463 2530 ex
480 2458 659 2532 eiusmodi
670 2457 840 2556 coniugiis
859 2467 1064 2556 propagatae
1080 2453 1273 2528 conditione

159 2575 195 2646 in
222 2573 314 2646 omni
341 2573 525 2674 hypothesi
551 2574 634 2647 satis
659 2573 829 2660 diximus,
850 2572 933 2672 quin
950 2571 1069 2644 eadem
1087 2570 1208 2644 itemm
1225 2570 1274 2643 in·

159 2715 276 2787 gerere
305 2688 511 2776 debeamus3
546 2715 634 2787 quae
665 2689 779 2762 omnia
804 2690 847 2760 in.
865 2687 1015 2761 familiae
1032 2685 1181 2759 >modom
1214 2684 1275 2758 de-

161 2804 516 2878 trimentum'cedunt.
1093 2813 1097 2819 ’

232 2921 359 3020 Ecquis
386 2936 497 2993 autem
524 2921 653 2994 nesciat
679 2922 849 2995 societatis
875 2921 1002 2995 honum
1022 2946 1044 2992 a
1067 2918 1156 2991 bono
1177 2917 1273 2988 lami-

157 3038 307 3123 liurum,
336 3062 376 3110 ex
401 3037 527 3137 quibus
554 3037 611 3110 illa
635 3037 815 3122 coalescit,
846 3035 1020 3136 pendere?
1036 3034 1070 3105 Si
1089 3033 1152 3105 rite
1175 3031 1280 3104 lami·

158 3151 226 3225 liae
251 3152 375 3225 fuerint
396 3153 597 3227 constitutae
618 3180 659 3226 ae
679 3153 873 3238 ordinatae,
895 3151 957 3223 rite
974 3149 1098 3248 pariter
1114 3147 1178 3220 erit
1194 3172 1279 3219 con-

158 3269 277 3343 stituta
299 3295 339 3341 ac
358 3269 514 3341 ordinata
531 3269 695 3355 societas;
718 3268 892 3342 ubi'secus
910 3266 1052 3340 evenire
1077 3263 1276 3360 contigc'rit,

158 3383 306 3458 societas
333 3411 354 3457 a
379 3385 509 3470 radice,
537 3399 575 3457 ut
599 3385 646 3457 ita
671 3384 812 3484 loquar,
840 3382 984 3456 laeditur
1008 3397 1110 3480 atque
1141 3379 1280 3454 courel·-

158 3500 251 3574 litur.
273 3502 357 3573 Nam
379 3501 524 3575 societas
551 3527 619 3574 non
644 3518 697 3574 est
721 3501 856 3574 demum
883 3499 950 3572 nisi
976 3524 1098 3595 magna
1123 3495 1271 3582 familia,

159 3641 249 3714 quae
268 3641 310 3687 ex
328 3617 469 3715 privatis
496 3616 635 3690 familiis
658 3616 721 3688 rite
745 3615 943 3714 dispositis,
964 3631 1135 3713 tamquam
1152 3620 1278 3710 corpus

158 3715 322 3804 membris
348 3732 576 3805 constituitur.
601 3731 697 3803 Vices
723 3730 865 3829 proinde
880 3742 1020 3815 omncs,
1040 3727 1120 3800 data
1136 3750 1275 3824 propor-

158 3847 263 3934 tione,
284 3847 399 3921 suhire
421 3847 522 3920 dehet
543 3848 708 3934 sociatae,
737 3847 862 3946 quibus
888 3846 1039 3945 privatae
1065 3841 1209 3916 subsunt
1226 3838 1242 3909 l
1260 3880 1277 3892 ·

159 3962 295 4050 miliae,
322 3964 559 4063 societatisque
580 3963 816 4036 detrimentum
838 3977 907 4048 est,
928 3957 1096 4061 quidquid
1114 3955 1223 4050 vergit
1240 3953 1275 4024 in

160 4077 312 4151 familiae
336 4078 584 4152 detrimentum.

236 4195 332 4267 Nunc
354 4197 520 4268 sciscitari
538 4194 644 4284 lubet,
667 4196 805 4295 politica
827 4223 887 4281 ne,
910 4221 952 4266 an
971 4217 1049 4267 vero
1067 4187 1275 4287 antipolitica

162 4309 379 4386 lordicando
401 4312 466 4398 sit,
486 4338 575 4410 quae
593 4328 713 4386 natura
733 4338 796 4386 sua
814 4326 861 4385 tot
878 4310 1003 4383 damna
1020 4333 1060 4380 ac
1076 4305 1277 4380 detrimenta
