2872 5062
230 358 300 430 238
431 378 493 427 trs.
515 374 538 426 ι.
558 376 644 426 sacr.
666 376 794 426 surana.
816 377 856 425 nt
880 375 1012 426 urnis.
1034 375 1141 425 crvnr.

228 498 264 570 io
288 493 400 568 omnia
425 491 515 565 mala
546 517 586 564 ao
611 492 759 566 facinora
784 491 968 592 proruant?
994 492 1059 565 Fac
1082 509 1121 566 ut
1144 492 1341 569 huiusmodi

228 607 383 684 homines
407 606 472 681 sub
489 605 602 705 legum
623 608 727 681 tutela
751 633 791 681 ac
816 608 1002 707 patrocinio
1020 609 1056 679 io
1077 609 1238 683 societate
1254 612 1344 683 mul-

229 725 447 826 tiplicentur,
476 748 607 796 morum
632 724 780 796 omnium
806 723 897 796 illico
922 723 1020 797 foeda
1045 723 1214 822 corruptio
1235 726 1346 800 socie-

229 856 330 915 tatem
352 841 482 941 ipsam,
510 865 578 938 qua
602 836 669 912 late
693 854 800 939 patet,
829 838 977 912 invadet.

303 955 431 1052 Religio
457 953 531 1027 sela
548 969 616 1040 est,
640 980 727 1052 quae
743 953 888 1053 populos
905 954 942 1025 in
959 954 1070 1028 officio
1095 956 1268 1030 continere
1284 982 1346 1030 va·

231 1070 318 1157 leat,
347 1086 381 1142 et
405 1069 538 1142 efficere
556 1094 598 1140 ne
616 1069 651 1139 in
668 1069 844 1142 colluviem
866 1069 1023 1142 vitiorum
1043 1069 1215 1157 diffluant,·
1235 1072 1346 1171 quod-

231 1209 377 1283 cumque
401 1181 493 1256 aliud
520 1183 723 1281 excogitetur
743 1183 911 1271 medium,
941 1184 1090 1283 ineptum
1115 1201 1169 1259 est
1191 1186 1269 1258 sine
1291 1211 1347 1260 re-

230 1299 357 1397 ligione
382 1297 426 1370 ad
452 1297 541 1371 mala
562 1297 646 1372 haec
670 1299 860 1372 avertenda.
880 1301 1115 1399 Praeterquam
1140 1300 1233 1400 quod
1253 1301 1345 1374 enim

232 1440 317 1490 sana
341 1414 425 1488 ratio
450 1413 487 1485 id
510 1429 624 1515 aperta
645 1415 762 1502 docet,
786 1411 939 1488 luctuosa
960 1412 1169 1515 'experientia
1193 1417 1345 1488 omnium

232 1529 421 1605 seculorum
446 1529 633 1603 luculenter
648 1530 867 1604 demonstrat.
885 1531 974 1604 Sane
991 1531 1034 1619 si,
1054 1531 1143 1603 nihil
1159 1530 1346 1605 obsistente

232 1645 405 1744 religionis
429 1645 562 1731 fraeno,
591 1660 640 1719 tot
668 1659 827 1744 tantaque
862 1646 1055 1719 societatem
1086 1645 1175 1718 mala
1204 1645 1350 1719 moralia

232 1759 413 1859 inquinant
436 1774 537 1859 atque
561 1759 731 1846 inficiunt,
752 1760 834 1860 quid
856 1760 920 1834 erit
941 1759 1183 1860 expectandum
1204 1787 1283 1833 cum
1298 1785 1353 1833 re·

231 1871 315 1971 ligio
326 1874 411 1974 -ipsa
436 1873 659 1947 contemnitur
676 1890 716 1969 'et
741 1874 891 1947 irrisioni
914 1870 1081 1947 habetur?
1103 1875 1207 1948 Porro
1229 1875 1262 1946 si
1285 1874 1349 1974 qui

232 1989 405 2088 religionis
440 2006 684 2091 contemptores
707 2017 747 2065 ac
773 1991 930 2065 irrisores
958 1990 1118 2064 censendi
1144 2006 1240 2079 sunt,
1269 2016 1348 2090 pro-

113 2199 118 2216 l
233 2105 393 2180 culdubio
415 2105 499 2179 tales
520 2121 600 2180 sunt
623 2104 787 2193 habendi,
814 2107 873 2207 qui
894 2107 1036 2205 insuper
1051 2105 1171 2180 habita
1184 2098 1352 2181 eeclesiae

233 2222 387 2296 doctrina
420 2220 485 2296 sub
517 2221 627 2295 civilis
652 2222 746 2320 legis
768 2223 882 2295 lavore
907 2247 947 2294 ac
977 2223 1182 2321 protectione
1211 2249 1250 2295 se
1278 2222 1348 2296 illis

233 2336 400 2434 coniugiis
432 2336 624 2436 implicant,
659 2362 749 2437 quae
780 2337 826 2410 ul)
851 2332 968 2410 eadem
1000 2335 1143 2410 ecclesia
1173 2330 1352 2435 illegitima

235 2449 396 2549 nullaque
420 2451 657 2524 decernuntur.
847 2463 849 2467 ’

308 2564 436 2637 Crescit
453 2579 563 2637 autem
585 2564 670 2637 haec
690 2561 819 2638 morum
837 2565 1025 2696 corruptela
1046 2595 1107 2666 per
1127 2503 1278 2640 scandali
1296 2565 1354 2638 di-

238 2679 441 2753 latationem.
458 2678 591 2752 Etenim
612 2676 796 2754 homines
787 2697 835 2754 rta
851 2699 931 2755 sunt
954 2683 1067 2755 animo
1086 2681 1289 2782 comparati,
1313 2696 1350 2752 ut

235 2820 313 2868 cum
344 2795 423 2894 quis
450 2794 527 2867 ab
517 2794 616 2868 rnitio
648 2796 769 2892 ingens
795 2797 933 2896 aliquod
960 2797 1097 2897 praebet
1121 2797 1346 2882 scandalum,

236 2908 321 2985 illud
343 2909 597 2997 exhorrescant,
627 2909 805 3000 damnent,
830 2912 1048 2987 detestentur.
1070 2913 1192 2985 Verum
1208 2903 1240 2985 si
1257 2908 1348 2984 idem

233 3023 430 3104 scandalum
455 3025 612 3114 iteretur,
637 3024 963 3127 multipliceturque,
986 3028 1100 3101 minus
1126 3027 1344 3125 quatiuntur,

235 3168 276 3215 ac
300 3139 553 3240 pedetentimei
571 3159 791 3231 assuescunt,
817 3168 857 3216 ac
881 3143 985 3216 veluti
1010 3133 1350 3216 indifferentes'tem·

237 3259 328 3360 poris
346 3258 445 3359 lapsu
461 3284 541 3357 erga
554 3258 638 3332 illud
656 3286 694 3335 se
710 3260 888 3349 exhibent,
906 3261 1011 3334 immo
1020 3286 1100 3334 vero
1112 3259 1228 3360 plures
1245 3275 1352 3358 prato

237 3375 297 3448 illo
306 3374 458 3474 exemplo
472 3375 610 3475 impulsi
620 3377 663 3449 ad
673 3377 757 3449 illud
771 3375 984 3464 imitandum,
993 3363 1189 3476 impellente
1201 3373 1353 3473 quadan·

237 3505 334 3563 enus
361 3489 464 3563 insita
490 3506 629 3565 naturae
655 3509 789 3566 nostrae
814 3491 864 3565 ob'
882 3506 1055 3592 peccatum
1084 3487 1249 3586 originale
1278 3503 1352 3562 cor-

237 3605 379 3706 ruptela,
395 3621 629 3705 provocantur.
655 3608 729 3682 Hac
749 3609 879 3681 ratione
904 3632 1035 3680 merum
1061 3605 1203 3679 foeditas
1228 3604 1380 3701 iugiter

237 3722 273 3794 in
299 3720 397 3822 peius
421 3737 515 3808 ruet,
540 3737 573 3794 et
593 3748 751 3796 numerus
777 3723 1020 3823 flagitiosorum
1047 3719 1221 3793 hominum
1239 3720 1276 3790 in
1294 3719 1355 3790 inr-

237 3861 392 3910 mensum
416 3850 584 3910 excrescet
608 3862 675 3910 non
694 3837 815 3934 exigua
839 3835 1012 3911 societatis
1037 3835 1179 3908 iactura.

309 3952 429 4025 Verum
443 3967 476 4024 et
488 3951 575 4025 alius
593 3953 668 4028 lons
689 3954 913 4052 corruptionis
926 3951 1048 4026 exinde
1061 3951 1229 4037 dimanat,
1250 3972 1355 4050 prava

238 4093 359 4168 nempe
383 4066 569 4142 litterarum
592 4068 769 4144 institutio.
792 4052 972 4142 Nemeum
998 4066 1065 4142 nisi
1088 4062 1270 4162 irreligiosi
1292 4063 1353 4137 ho-

239 4183 347 4257 mines
375 4199 478 4285 atque
502 4184 631 4259 idcirco
655 4184 815 4283 flagitiosi
842 4184 992 4284 possint,
1021 4181 1169 4285 seposito
1193 4176 1360 4276 religioso·

240 4299 421 4396 coniugio,
453 4298 543 4374 civili
566 4327 604 4374 se
630 4314 757 4374 tantum
783 4302 954 4395 contractu
977 4297 1163 4403 colligare,
1187 4292 1287 4389 nella
1310 4294 1357 4369 iis
