2872 5062
252 386 320 441 car.
332 387 364 439 v.
376 390 416 440 nr
434 387 551 443 urnrsr.
568 389 725 443 corrone.
746 389 1018 445 moimmsen.
1041 393 1155 444 annon.
1211 360 1291 444 iti·

163 509 225 608 qui
243 509 437 597 assisteret,
458 525 592 610 accepta
617 514 689 583 sive
714 511 756 583 ab
781 510 856 598 ilio,
884 512 956 584 sive
981 512 1024 584 ab
1049 512 1219 586 ordinario
1236 515 1280 587 ad

164 623 200 695 id
228 620 389 698 facultate
400 627 490 721 (Η).
830 706 834 714 ,
971 628 973 633 ’

184 735 188 740 ’
238 735 333 826 Quae
351 762 427 813 cum
449 741 496 814 ita
513 767 551 815 se
568 740 730 828 habeant,
755 765 896 841 pronum
914 757 966 814 est
985 740 1142 839 colligere
1152 743 1199 815 'ex
1215 742 1280 816 hac

166 854 287 950 agendi
303 856 540 956 sentiendique
557 856 685 929 ratione
704 855 963 930 tridentinorum
977 871 1125 956 pomum,
1149 882 1207 930 eos
1219 883 1280 964 pro

165 984 254 1042 certo
274 967 437 1042 habuisse
447 973 472 1040 ·1
483 1027 489 1041 .
502 970 716 1043 matrimonia
733 969 944 1045 clandestina
955 996 1036 1044 vera
1048 971 1155 1044 fuisse
1165 998 1279 1046 sacra-

164 1098 295 1170 mente,
310 1098 344 1156 et
355 1082 478 1156 exinde
489 1098 591 1158 totam
605 1099 710 1158 ortum
729 1085 961 1159 difficultatem
971 1095 981 1172 ,'
996 1111 1077 1158 num
1090 1103 1205 1186 posset
1218 1113 1280 1161 nec

165 1223 208 1270 ue
231 1197 377 1272 ecclesia
399 1198 464 1291 iila·
484 1200 633 1288 irritare;
663 1203 697 1272 2.
718 1201 790 1274 Non
811 1200 975 1297 distingui
1000 1201 1222 1290 inconcreta,
1242 1219 1281 1275 ut

163 1313 275 1401 aiunt,
302 1330 547 1388 sacramentum
569 1342 591 1389 s
611 1331 783 1389 contractu
805 1316 840 1388 in
861 1315 1030 1413 coniugiis
1055 1315 1226 1404 fidelium,
1248 1333 1281 1391 et

164 1427 259 1515 ideo,
278 1428 329 1501 uti
342 1428 495 1502 nonnulli
512 1429 721 1518 inserebant,
742 1457 809 1505 non
826 1456 928 1531 posse
946 1430 1123 1504 ecelesiam
1149 1431 1281 1506 irritare

160 1543 384 1632 contractum,
404 1544 487 1644 quin
505 1546 650 1620 irritaret
669 1562 821 1620 naturam
836 1545 1055 1632 sacramenti3
1074 1549 1108 1618 3.
1122 1571 1280 1645 praesen-

161 1659 244 1732 tiam
262 1659 448 1734 sacerdotis
465 1686 533 1734 non
554 1663 680 1761 requiri
704 1662 747 1735 de
766 1662 967 1746 necessitate
985 1662 1202 1747 sacramenti,
1218 1663 1279 1736 sed

162 1799 203 1847 ex
220 1775 384 1849 ecelesiae
409 1775 640 1851 tautummodo
661 1777 900 1877 dispositione,
922 1777 1073 1876 alioquin
1094 1803 1278 1877 numquam

162 1887 385 1990 disceptatum
398 1889 520 1963 fuisset
530 1906 642 1963 utrum
656 1891 801 1979 scribae,
818 1907 876 1965 eut
888 1891 1072 1964 sacerdotis
1085 1906 1175 1964 esset
1188 1917 1281 1990 prae·

160 2003 269 2079 sentia
293 2004 532 2104 praeferenda;
560 2007 592 2077 d.
611 2004 700 2079 hanc
722 2007 946 2105 praesentiam
968 2005 1094 2105 requiri
1109 2021 1147 2079 ut
1159 2007 1276 2093 testis,

160 2135 197 2193 ut
211 2119 324 2207 aiunt,
345 2121 545 2220 qualificati,
574 2146 642 2220 quo
667 2120 803 2193 fraudes
829 2133 1127 2220 praecaverentur,
1154 2120 1201 2192 ita
1226 2136 1276 2207 ut,

159 2258 198 2308 ee
217 2233 320 2308 etiam
337 2233 537 2320 reluctante,
553 2233 745 2331 coniugium
760 2233 913 2307 validum
931 2233 994 2320 sit,
1016 2232 1046 2305 si
1060 2247 1191 2305 caetera
1202 2257 1280 2305 con-

159 2364 295 2424 current
313 2351 334 2422 a
353 2348 535 2423 tridentino
554 2349 783 2449 praescripta;
810 2353 844 2420 ii.
862 2348 1032 2448 adeoque,
1052 2347 1143 2446 quod
1160 2371 1279 2421 conse·

159 2476 268 2566 quens
284 2468 361 2555 est,
372 2465 708 2568 neqpe“sacerdotem
726 2492 804 2540 esse
820 2465 968 2561 coniugii
985 2462 1194 2551 ministrum,
1215 2487 1279 2536 nec

158 2581 273 2672 verba,
283 2607 374 2682 quae
386 2581 429 2654 ub
442 2605 482 2656 cc
493 2580 721 2680 proferuntur:
738 2582 809 2679 Epo
821 2607 878 2655 cos
892 2582 1062 2678 coniuapo,
1074 2604 1156 2653 esse
1166 2604 1279 2652 sacra-

157 2696 261 2769 menti
286 2695 439 2770 formam.

220 2809 344 2884 ¹'l'elem
356 2838 456 2912 porro
465 2811 721 2887 tridentinorum
734 2829 866 2913 patrum
879 2825 1023 2884 mentem
1037 2811 1162 2898 inisse,
1179 2835 1281 2910 prae·

159 2941 211 2998 ter
226 2923 392 3026 ea,³quae
417 2925 529 3000 allata
544 2944 640 3015 sunt,
660 2926 803 3001 mirifice
820 2925 1037 3000 confirmatur
1053 2952 1095 2998 ex
1111 2926 1199 3024 ipsis
1211 2950 1278 3023 -op-
1318 2952 1320 2959 ’

157 3040 424 3140 pugnationibus
455 3041 550 3114 Pauli
583 3041 712 3141 Sarpii,
741 3042 800 3140 qui
826 3041 869 3113 de
893 3066 986 3114 more
1011 3065 1051 3112 ex
1076 3037 1188 3111 alieno
1209 3045 1278 3109 'ore

157 3154 329 3230 decretum
353 3156 571 3230 tridentinum
597 3155 745 3253 maligno
763 3157 863 3230 dente
880 3156 1000 3255 carpit.
1022 3152 1174 3241 Etenim,
1196 3152 1277 3226 scri·

156 3271 205 3345 bit
227 3272 322 3373 ipse,
350 3271 538 3372 complures
556 3299 624 3346 non
641 3272 828 3369 intelligere
853 3273 992 3370 quinam
1018 3269 1215 3342 definiretur
1236 3293 1277 3340 ea

159 3387 395 3482 (clandestina
419 3389 601 3486 coniugia)
630 3390 736 3462 fuisse
760 3389 842 3461 vera
866 3399 1091 3472 sacramente,
1114 3401 1278 3458 ettamen

156 3503 336 3577 ecclesiam
352 3499 470 3578 eadem
492 3530 625 3604 semper
640 3504 843 3578 detestatam
856 3503 980 3590 fuisse,
1005 3528 1082 3574 oum
1109 3501 1182 3573 fieri
1209 3525 1276 3573 non

157 3615 267 3718 possit
284 3636 328 3693 ut
352 3621 496 3695 ecclesia
520 3622 730 3695 sacramenta
754 3622 950 3707 detestetur;
980 3617 1098 3692 nolens
1125 3616 1278 3690 animad-

155 3752 285 3812 vertere
306 3735 484 3811 ecclesiam
505 3762 572 3812 non
591 3752 802 3811 sacramente
818 3735 854 3807 in
872 3761 928 3824 se,
949 3733 1011 3808 sed
1028 3732 1150 3806 malam
1169 3731 1278 3804 susci-

227 3995 280 4059 (it)
293 3993 349 4046 Lib.
362 3995 451 4046 xxlil.
464 4007 518 4059 cap.
530 3996 572 4046 VI.
583 4007 609 4047 a.
623 3995 720 4047 ruico
731 3995 812 4059 ipsum
824 3994 1004 4057 argumentum,
1019 3989 1086 4054 quod
1097 3987 1235 4039 desumitur
1245 4001 1276 4038 ex

159 4076 254 4126 concilii
267 4075 395 4127 tridentini
406 4076 468 4127 actis
476 4075 509 4126 ad
518 4075 712 4139 ostendendum,
723 4078 807 4140 patres
821 4075 878 4126 ilios
895 4075 967 4136 longe
978 4071 1085 4122 abfuisse
1096 4069 1237 4120 amntsntia
1247 4067 1279 4117 de

161 4155 286 4206 sacerdote
296 4157 443 4207 sacrementi
456 4154 607 4207 matrimonii
617 4156 739 4220 ministro,
750 4157 805 4206 tuse
819 4168 849 4205 ac
862 4155 934 4205 docte
945 4150 1038 4207 evolvit
1051 4149 1197 4202 Benedictus
1210 4150 1274 4199 xiv.

163 4229 185 4282 in
191 4235 233 4286 eit.
243 4234 316 4286 Brevi
323 4235 354 4286 ad
362 4235 495 4287 Antonium
504 4235 647 4300 archiepisc.
656 4237 777 4298 (ieonum,
789 4234 856 4297 quod
868 4233 988 4298 reperitur
997 4232 1022 4280 io
1031 4227 1164 4294 appendice
1174 4227 1205 4276 nd
1216 4225 1278 4277 eins·

164 4310 215 4364 dem
225 4313 351 4378 pontificis
362 4315 497 4367 Baliarium
508 4314 548 4366 ed.
561 4317 729 4367 venettiet.
1209 4311 1211 4316 '
