2872 5062
242 363 286 432 28
357 384 383 427 .·
413 386 427 463 ᾗ
442 383 502 438 tm.
524 382 548 433 r.
570 381 655 433 suar.
678 381 701 432 1.
718 382 758 432 nn
775 381 908 432 nrrmu.
927 380 1165 432 srcmururo.-
1198 378 1223 418 -·
1261 384 1265 403 ²

240 503 286 574 in:
298 504 336 573 ἓξ
356 501 436 573 dist.
453 505 492 600 qq
507 503 541 571 1.
558 517 621 574 art.
647 506 677 572 1.
701 501 735 571 in
753 500 919 572 solutione
937 496 1213 598 quaestiunculae
1238 497 1357 577 secum
1406 503 1408 508 ’

239 617 325 706 dae,
353 618 388 689 in
412 621 481 716 qua
504 617 694 715 opinionem
720 616 853 690 illorum
874 616 1012 702 refellit,
1033 617 1092 716 qui
1110 614 1300 694 sentiebant
1320 621 1356 692 in

240 733 450 806 matrimonio
476 757 542 806 non
565 731 707 805 conferri
719 730 892 830 gratiam,
910 758 949 805 eo
964 732 1055 831 quod
1075 732 1266 807 ordinatum
1287 728 1359 810 tan·

240 863 310 922 tum
331 850 376 923 sit
394 849 429 921 in
447 847 641 924 remedium.
656 865 771 922 contra
795 848 1120 947 concupiscentiam,
1142 849 1358 952 ostenditque

238 965 304 1038 boc
329 965 513 1039 remedium
531 962 649 1035 haberi
674 990 739 1036 non
762 990 863 1063 posse
883 964 957 1037 sine
981 964 1089 1061 gratia
1110 990 1213 1063 quam
1230 967 1361 1040 confert

239 1079 509 1164 matrimonium,
536 1093 638 1177 atque
662 1077 850 1150 concludit:
875 1094 941 1150 «et
964 1077 1040 1150 ideo
1066 1078 1224 1174 Magister
1249 1074 1357 1169 dicit,

239 1196 329 1294 qaod
355 1194 603 1266 matrimonium
629 1209 681 1266 est
706 1209 833 1268 tantum
859 1194 894 1266 in
919 1193 1122 1281 remedium
1151 1195 1208 1267 sed
1233 1190 1291 1268 boo
1311 1212 1361 1270 est

235 1337 297 1408 per
321 1311 465 1407 qratiam
485 1314 580 1408 'qaae
599 1312 641 1382 ia
665 1311 889 1408 eo-consertar
921 1312 1009 1405 (83).
1029 1340 1047 1378 n
1071 1310 1198 1383 Eadem
1227 1313 1361 1412 repetiit

240 1453 269 1500 s.
290 1427 413 1501 Doctor
435 1426 479 1498 ad
501 1427 580 1500 dist.
603 1429 661 1499 26.
683 1453 718 1526 q.
741 1428 774 1498 2.
797 1441 859 1499 art.
878 1426 928 1499 d(
947 1453 1051 1527 quam
1078 1427 1125 1501 ita
1150 1428 1322 1503 concludit
1347 1459 1355 1502 τ

242 1540 434 1636 α’ὓθίίῃίιίο
453 1557 486 1613 et
503 1540 822 1614 definitumidebant
841 1541 1008 1628 converti,
1030 1540 1144 1614 sedin
1163 1541 1361 1618 definitione

239 1658 441 1730 sacramenti
467 1657 603 1755 ponitur
622 1655 811 1730 'causalitas
829 1654 980 1754 gratiaess
991 1657 1079 1754 Ergo
1096 1654 1178 1730 cum'
1190 1652 1361 1736 matrimo

239 1772 397 1844 niumsit
412 1788 678 1860 sacramentum,
698 1771 761 1845 erit
777 1798 881 1866 causa
897 1772 1039 1868 gratiae
1054 1770 1229 1846 Praeterea
1244 1767 1359 1872 Airg'u-

239 1885 349 1959 stinus
374 1885 465 1958 dicit
484 1889 610 1984 (super
634 1885 715 1958 Gen.
729 1886 781 1959 rad
807 1884 1012 1959 lit.lib.1ll.
1036 1913 1112 1985 cap.
1134 1887 1205 1959 llll.
1222 1881 1358 1988 )1quod

237 1999 489 2100 matrimonium
514 2015 567 2073 est
591 2001 735 2097 aegrotis
760 2001 795 2072 in
826 2000 1023 2075 remedium.
1055 2001 1120 2073 Sed
1150 2027 1218 2076 non
1232 2004 1358 2077 estin

239 2115 442 2202 remedium,
457 2115 524 2189 nisi
538 2116 751 2215 inquantum
768 2115 918 2216 aliquam
935 2117 1122 2191 efficaciam
1139 2116 1259 2191 haber·
1270 2119 1359 2216 Ergo

240 2228 344 2304 babet
355 2230 486 2330 aliquid
500 2231 673 2305 efficaciae
685 2232 729 2305 ad
742 2231 991 2332 reprimendam
1008 2232 1356 2331 concupiscentiam.»

226 2333 306 2419 'Nec
328 2346 440 2421 obstat
456 2347 490 2419 in
508 2374 647 2446 corpore
671 2346 803 2422 articuli
829 2347 1016 2422 doctrinam
1041 2349 1130 2421 hanc
1151 2349 1358 2447 probabilius

239 2460 390 2555 adstrui;
419 2487 497 2534 nam
523 2463 614 2546 istud
639 2462 849 2561 probabilius
876 2462 1017 2536 refertur
1041 2463 1086 2537 ad
1110 2464 1197 2538 duas
1220 2481 1356 2538 senten-

240 2575 306 2651 tias
332 2602 418 2675 quas
444 2576 629 2663 refellerat3
658 2594 696 2649 ut
720 2594 826 2677 patet
844 2594 915 2651 tum
940 2604 980 2651 ex
1007 2595 1165 2654 contextu
1183 2581 1197 2669 ,'
1221 2596 1292 2654 tum
1317 2608 1358 2654 ex

238 2690 314 2763 eius
338 2691 508 2788 positione
533 2691 710 2778 absoluta,
740 2718 843 2790 quam
869 2693 1043 2767 attulimus
1065 2696 1154 2791 (84).
1190 2723 1191 2726 “
1284 2693 1312 2726 ”

313 2804 429 2905 Neque
442 2821 494 2879 est
506 2807 632 2905 pariter
649 2807 889 2905 ambigendum
905 2810 948 2882 de
961 2837 990 2883 s.
1001 2811 1256 2884 bonaventurae
1269 2813 1359 2893 circa

240 2907 304 2995 lios
321 2921 489 3016 ‘articulos
515 2921 679 2995 doctrina.
701 2923 833 2996 Etenim
858 2939 891 2996 et
905 2924 991 3023 ipse
1008 2924 1043 2995 in
1061 2924 1301 3000 Commentis
1322 2930 1354 2999 l.

239 3036 301 3128 lib.
330 3038 478 3112 Sentent.
508 3037 588 3110 dist.
617 3040 650 3109 2.
675 3065 710 3136 q.
734 3041 767 3110 3.
790 3039 907 3112 statuit
932 3039 1054 3112 thesim
1081 3067 1143 3114 seu
1168 3041 1357 3116 conclusio·

240 3179 322 3246 nem·
354 3169 522 3252 «septem
556 3169 636 3227 sunt
651 3212 653 3218 .
666 3170 876 3227 sacramenta
909 3155 955 3228 et'
975 3182 1043 3229 non
1077 3154 1187 3254 plura.
1202 3185 1220 3226 s
1248 3156 1359 3243 Quam

240 3269 491 3343 conclusionem
508 3269 629 3368 probat
653 3270 949 3368 per'sacrame'nta
969 3271 1115 3368 singula,
1137 3287 1264 3345 etcum
1282 3264 1368 3372 per-⁸

241 3383 332 3456 uenit
346 3383 401 3455 ,ad
414 3385 677 3458 matrimonium
710 3384 845 3458 scribit:
875 3385 917 3457 Ia
942 3386 1098 3458 auxiliare
1129 3389 1358 3484 temperantiae

235 3493 481 3570 matrimonium
501 3499 644 3594 (85).Et
660 3498 740 3572 dist.
763 3500 821 3570 26.
847 3498 957 3572 «Cum
975 3525 1066 3597 ergo,
1088 3501 1218 3600 inquit,
1240 3501 1357 3574 coniu-

239 3613 334 3710 gium
359 3629 603 3686 sacramentum
628 3613 691 3700 sit,
721 3630 754 3687 et
767 3621 912 3687 'sacrum
945 3615 1080 3711 signum
1112 3616 1157 3688 sit
1181 3632 1214 3688 et
1240 3643 1358 3714 sacrae

240 3728 290 3801 rei
303 3727 467 3816 ,Jscilicet
491 3728 735 3802 coniunctionis
760 3715 886 3828 Christi
904 3745 937 3802 et
952 3728 1159 3828 ecelesiam»
1175 3745 1210 3803 et
1226 3757 1359 3804 rursum

315 3941 364 4004 (ss)
381 3944 443 4004 Opp.
458 3941 497 3991 ed.
513 3945 550 3992 De
564 3943 655 3992 liuhais
668 3947 736 3994 1780.
749 3945 809 3992 tom.
822 3945 876 3993 xli.

315 4021 365 4084 (st)
382 4020 446 4071 ibid.
455 4022 516 4072 tom.
527 4024 593 4072 xiii.

314 4100 364 4162 (85)
379 4103 441 4151 Nam
455 4101 508 4164 ipse
523 4101 610 4150 statuit
623 4102 779 4152 sacramenta
792 4100 904 4151 instituta
920 4113 974 4151 esse
993 4100 1026 4150 ad
1043 4101 1180 4152 meandum
1199 4099 1319 4160 vulnera,
1335 4102 1360 4151 et

240 4179 274 4230 ad
284 4180 453 4231 minuandum
464 4179 497 4231 ad
508 4180 623 4243 virtutes,
634 4182 708 4245 prout
718 4180 750 4231 de
763 4179 922 4230 sacramentis
931 4179 1035 4244 singulis
1045 4181 1160 4232 ostendit
1172 4178 1245 4238 Quod
1255 4192 1314 4231 reso
1324 4181 1360 4230 at·

241 4259 303 4310 tinet
317 4260 350 4310 ad
364 4260 550 4312 matrimonium
566 4260 640 4311 docet
656 4260 851 4325 matrimonium,
869 4271 923 4310 esse
937 4261 1024 4310 conba
1039 4258 1273 4324 coneirpiseentinm,
1288 4262 1369 4323 amnt*

242 4341 324 4402 sanat,
336 4341 362 4391 ct
371 4339 397 4392 in
411 4340 533 4391 auxiium
546 4339 720 4404 temperantiae
738 4340 812 4402 prout
825 4338 926 4389 adiuvat
940 4339 1065 4390 virtatem.
1246 4356 1248 4360 ·
